2370 3854
340 223 484 284 ΠΡΟΣ
504 224 759 285 ΟΝΗΤΟΡΑ
779 228 815 287 Β.
986 228 1048 290 365

99 385 227 474 ήγοῑτο;
248 381 270 472 ή
287 391 362 451 τίνα
378 408 427 461 τις
446 387 579 459 δικαίως
597 376 641 448 άν
658 387 725 467 ἔχοι
744 387 818 466 περὶ
836 386 958 454 τούτου
977 388 1050 456 διά-

100 512 197 554 νοιαν
220 493 282 553 τοῦ
309 487 430 571 ῥᾳδίως
459 480 566 558 οὕτως
593 477 700 548 αὑτὸν
730 485 954 568 ἐξελέγχοντος
977 486 1048 556 ὅντ’

98 589 268 667 ἐπίορκον;

60 709 91 757 ιο
181 679 276 750 Ἀλλά
291 679 333 766 νή
351 677 410 747 Δί’
424 689 502 756 ἴσως
519 674 593 764 οὐχὶ
610 676 708 746 πάντ’
729 678 819 770 αὐτῷ
836 690 973 749 τοιαῦτα
991 688 1050 752 πέ-

100 806 253 866 πρακται,
266 780 345 853 οὐδὲ
355 777 568 864 πανταχόθεν
580 777 680 863 δήλός
689 780 758 845 ἐστι
767 780 941 866 τεχνάζων.
966 780 1049 849 ἀλλά

100 885 155 949 καὶ
165 879 347 966 τιμώμενος
356 875 504 963 φανερδς
520 877 660 961 γέγονεν
672 872 756 959 ὑπὲρ
765 873 911 966 Ἀφόβου
927 881 1052 948 ταλάν-

100 1006 177 1064 του,
199 979 254 1045 καὶ
274 975 368 1046 τοῦτ’
391 972 493 1054 αὐτὸς
514 972 594 1060 ήμδν
621 973 811 1044 ἀποδώσειν
831 978 1050 1065 ἐγγυώμενος.
1085 1038 1087 1044 .

100 1087 207 1148 καίτοι
228 1080 398 1158 σκέψασθε
419 1073 471 1142 ὅτι
490 1070 581 1141 τοῦτ’
601 1078 669 1141 ἐστι
690 1075 870 1160 τεκμήριον
885 1073 928 1144 οὐ
944 1077 1051 1164 μόνον

100 1185 161 1247 τοῦ
171 1174 233 1264 τήν
242 1191 387 1262 γυναῖκα
397 1186 568 1241 συνοικεῖν
582 1169 713 1259 Ἀφόβφ
724 1177 779 1241 καί
789 1182 912 1243 τοῦτον
923 1182 1050 1256 οἰκείως

57 1296 89 1348 11
100 1283 196 1365 ἔχειν,
208 1273 291 1343 ἀλλά
304 1277 359 1342 καὶ
374 1281 437 1340 τοῦ
445 1269 489 1355 μή
505 1272 684 1337 δεδωκέναι
694 1269 756 1355 τήν
772 1282 902 1356 προῖκα.
928 1280 976 1354 τίς
985 1275 1049 1359 γάρ

101 1370 424 1459 άνθρωποςήλίθιός
435 1372 525 1437 ἐστιν
536 1366 658 1454 οὕτως,
676 1363 713 1446 ὃς
724 1365 888 1455 ἀργύριον
898 1375 960 1458 μὲν
971 1372 1051 1451 δοὺς

100 1479 280 1556 τοσοῦτον,Ι
300 1466 401 1536 ἕπεσθ’
416 1471 454 1536 ἓν
468 1465 582 1555 λαβών
600 1474 724 1554 χωρίον
733 1466 1051 1556 ἀμφισβητούμενον

100 1578 146 1650 είς
163 1568 379 1656 ἀποτίμησιν,
398 1566 464 1636 σὺν
475 1564 524 1647 οἷς
534 1567 699 1650 πρότερον
711 1570 884 1654 ἐζημίωτο,
906 1567 966 1637 τὸν
978 1567 1110 1637 ἄδι-879

100 1670 248 1756 νήσαντα
267 1667 312 1747 ώς
328 1666 458 1737 δίκαών
473 1694 505 1735 τι
521 1665 705 1753 ποιήσοντα
726 1668 781 1734 καὶ
802 1675 865 1734 τοῦ
885 1675 943 1754 τής
960 1671 1052 1753 δίκης

99 1767 291 1857 ὀφλήματος
305 1765 636 1853 προσεγγυήσασθαι;
658 1763 723 1851 ἐγώ
742 1763 804 1851 μὲν
822 1763 930 1833 οὐδέν’
951 1765 1049 1852 οἶμαι.

99 1868 229 1955 καὶγὰρ
242 1866 321 1936 οὐδὲ
331 1866 434 1952 λόγον
444 1865 480 1935 τὸ
493 1861 613 1952 πρᾶγμ’
627 1870 703 1951 ἔχον
712 1866 790 1952 ἐστὶ,
802 1864 863 1934 τδν
873 1862 978 1934 αάτδν
987 1864 1052 1933 αὑ-

99 1977 144 2057 τῷ
156 1965 200 2054 μή
213 1967 404 2053 δυνάμενον
413 1971 618 2052 κομίσασθαι
627 1965 811 2052 τάλαντον,
828 1974 951 2033 τοῦτον
962 1964 1050 2054 άλλφ

99 2069 163 2134 τινὶ
175 2067 318 2152 φάσκειν
327 2064 499 2134 ἀποτίσειν
509 2068 564 2134 καὶ
575 2063 664 2133 ταῦτ’
678 2068 874 2151 ἐγγυᾶσθαι.
901 2064 1051 2132 ἀλλὰκαὶ

99 2163 153 2232 ἀπ’
172 2163 283 2234 αὐτῶν
300 2166 429 2232 τούτων
445 2167 512 2230 ἐστὶ
531 2168 636 2248 δήλου
651 2161 703 2229 ὅτι
721 2161 782 2246 τήν
800 2166 861 2247 μὲν
878 2176 997 2247 προῖκα
1010 2160 1051 2228 οὐ

100 2268 254 2343 δέδωκεν,
273 2258 347 2328 ἀντὶ
365 2261 401 2328 δὲ
417 2268 551 2328 πολλῶν
561 2259 740 2345 χρημάτων
750 2266 820 2326 τών
832 2262 920 2344 ἐμῶν
932 2263 1052 2339 οίκεῖος

101 2357 149 2428 ών
158 2358 288 2447 Ἀφόβφ
300 2356 395 2425 ταῦτ’
407 2358 596 2444 ἀπετιμᾶτο,
607 2357 819 2444 κληρονόμον
828 2355 892 2444 τήν
902 2356 1053 2444 ἀδελφήν

58 2482 91 2535 12
99 2467 168 2525 τών
178 2460 269 2542 ἐμών
286 2453 358 2542 μετ’
370 2459 501 2525 ἐκείνου
517 2465 719 2543 καταστῆσαι
737 2448 950 2543 βουλόμενος.
984 2458 1054 2526 εἶτα

100 2565 167 2625 νῦν
186 2553 489 2643 παρακρούσασθαι
505 2560 594 2642 ζητεῖ
608 2556 663 2623 καὶ
678 2560 860 2642 φενακίζει,
883 2560 991 2643 λέγων
1008 2555 1053 2636 ώς

101 2655 265 2743 πρότερον
285 2653 365 2734 τοὺς
386 2653 488 2741 ὅρους
516 2659 652 2741 ἔστησεν
674 2648 697 2740 ή
724 2657 853 2722 ἐκεῖνον
872 2656 935 2741 τήν
956 2661 1053 2743 δίκην

101 2755 228 2840 ὀφλεῖν.
262 2754 303 2822 οὐ
320 2755 485 2842 πρότερόν
500 2750 570 2840 γεή
587 2752 676 2839 παρά
689 2756 758 2841 σοὶ,
776 2765 809 2823 εί
816 2781 853 2840 γε
864 2764 930 2824 νῦν
941 2753 1054 2844 άληθή

102 2856 213 2936 λέγεις.
232 2857 334 2939 δήλου
351 2852 415 2939 γάρ
434 2851 485 2922 ὅτι
502 2852 689 2939 καταγνοδς
699 2853 831 2922 ἀδικίαν
845 2853 952 2923 αὐτοῦ
963 2854 1050 2924 ταῦτ’

102 2955 229 3029 ἐποίεις.
254 2949 322 3017 εἶτα
332 2954 387 3019 καὶ
398 2961 530 3037 γελοῖον
545 2962 643 3022 τοῦτο
663 2950 785 3037 λέγειν,
799 2953 911 3036 ώσπερ
928 2953 991 3021 οὐκ
1005 2960 1053 3020 εί-

102 3050 210 3118 δότων
220 3045 317 3134 ὑμῶν
327 3050 379 3118 ὅτι
393 3052 514 3130 πάντες
525 3055 559 3120 οί
573 3050 612 3117 τά
630 3049 754 3118 τοιαῦτ’
769 3049 962 3127 ἀδικοῦντες
973 3069 1050 3118 σκο-

102 3156 204 3217 ποῦσι
220 3154 255 3215 τί
268 3150 436 3237 λέξουσιν,
459 3152 515 3218 καὶ
535 3147 643 3227 οὐδεὶς
661 3145 783 3216 πώποτ’
802 3140 895 3232 ώφλε
916 3156 1053 3217 σιωπών

102 3243 175 3314 οὐδ’
196 3242 326 3313 ἀδικεῖν
347 3243 536 3334 ὁμολογῶν·
570 3244 638 3315 ἀλλ’
652 3242 803 3330 ἐπειδὰν,
823 3244 928 3332 οἶμαι,
949 3245 1053 3333 μηδὲν

103 3343 226 3431 ἀληθὲς
246 3349 354 3430 λέγων
373 3348 567 3436 ἐξελεγχθῇ,
598 3346 672 3415 τότε
699 3343 918 3430 γιγνώσκεται
939 3343 1052 3428 ὁποῖός

60 3456 94 3510 13
102 3447 193 3512 ἐστιν
225 3441 307 3527 ὅπερ
316 3445 371 3512 καὶ
383 3437 481 3525 οὗτος
492 3453 603 3533 έμοιγε
615 3451 707 3515 δοκεῖ
715 3445 863 3532 πάσχειν.
886 3447 974 3530 ἐπεὶ,
989 3450 1052 3530 φέ-
