2370 3854
295 222 437 285 ΠΡΟΣ
454 222 864 285 ΠΑΝΤΑΙΝΕΤΟΝ.
992 221 1056 286 445

105 411 177 471 ρων
194 388 332 462 δικαίοις
350 381 544 471 ύρισμένοις
561 380 624 449 ούκ
636 383 852 468 ἐμμένουσιν,
875 379 937 452 ὁδ’
952 375 1002 452 ύν
1012 378 1056 452 ἂν

104 483 178 573 άφῇ
194 483 296 552 πάλιν
313 482 489 568 λαγχάνων
510 493 579 559 τοῖς
594 476 650 565 ὑφ’
672 479 803 548 έαιποῦ.
843 478 895 549 διὸ
918 481 1056 550 πάντων

104 579 233 671 μάλιστ’
246 581 340 663 άξιον
349 579 479 659 τούτοις
488 582 708 665 χαλεπαίνειν.

61 728 98 783 21
193 693 331 763 Ούκοῦν
342 689 387 773 ὥς
396 692 459 781 μὲν
469 689 581 778 άφῆκέ
587 716 628 777 με
639 691 791 777 πάντων,
808 691 863 760 ὅτε
874 693 1056 779 ἐγιγνόμην

105 791 409 878 τάνάνδραπόδυν
419 814 565 877 πρατηρ,
588 793 749 870 ἐπέδειξα·
772 787 867 858 ὅτιδ’
880 788 942 858 οῦκ
956 794 1055 860 ἐοῦσιν

105 891 386 979 ολνύμοιτούτων
397 888 481 957 εἶναι
493 885 638 975 δίκας,’
618 889 781 974 ακηκόατε
797 887 956 1008 άρτίφς’
936 916 1055 974 αναγι-

103 992 343 1079 γνωσκομένου
358 994 420 1057 τοῦ
437 988 554 1074 νόμον.
585 983 697 1074 ἵναδ’,
710 1012 735 1053 υ
724 978 881 1071 άνδρες’
880 993 1055 1078 Αθηναῖοι,

105 1088 212 1176 μήτις
228 1096 337 1172 οδηται
349 1099 417 1164 τοῖς
433 1088 594 1170 περὶτῶν
611 1083 814 1204 πραγμάτων
824 1083 937 1152 αύτῦν
949 1088 1054 1153 δικαλ·

105 1212 156 1265 οις
166 1182 388 1270 ἁλισκόμενόν
398 1208 439 1269 με
450 1185 501 1250 ἐπὶ
511 1190 610 1249 τοῦτο
621 1179 880 1267 άποχωρεῐν,καλ
890 1180 996 1250 καθ’
976 1208 1056 1250 εκα-

106 1304 187 1353 στον
205 1274 254 1350 ύν
272 1284 408 1368 ἐγκαλεῖ
419 1281 585 1367 βούλομαι
598 1283 701 1359 δείξαι
718 1278 822 1347 αύτόν
833 1276 1054 1367 ψευδόμενον.

57 1404 95 1459 22
105 1384 179 1469 λέγε
190 1379 223 1449 δ’
236 1379 317 1448 αύτὸ
329 1376 367 1447 τὸ
379 1383 539 1465 ἔγκλημα,
551 1375 571 1445 ὅ
580 1404 638 1463 μοι
647 1377 817 1459 δικάζεται

462 1551 697 1614 ΕΓΚΑΗΜΑ.
1063 1560 1116 1615 973

191 1688 336 1773 [Ἕβλαιγέ
344 1684 577 1792 μεΝικύβουλος
594 1686 835 1792 έπιβονλεύσαςέ
833 1690 909 1792 μοι
895 1714 945 1753 και
955 1713 1054 1795 τηου

149 1778 250 1861 σία
214 1799 251 1861 τη
271 1774 345 1876 ἐμῇ,
361 1766 540 1876 ἀφελέσθαι
545 1768 682 1846 κελεύσας
692 1765 909 1879 Ἀντιγένην
880 1797 932 1836 τον
950 1773 1055 1837 ἑαυτοῦ

149 1838 305 1961 οἰκέτην
276 1881 308 1920 το
326 1851 470 1941 άργύριον
487 1879 539 1920 του
526 1856 628 1961 ἐμοῦ
644 1852 812 1957 damst*
795 1881 811 1921 ν
796 1859 912 2005 ἔφερε
928 1861 1054 1960 καταβα-

149 1938 205 2024 λὴν
221 1937 413 2028 τῇπόλειτου
399 1934 628 2045 μετάλλου,“
612 1963 628 2004 ο
644 1940 701 2023 ἐγω
689 1933 864 2025 ἐπριάμην
896 1937 1056 2045 mmm

148 2027 426 2195 μὲὥὲἦμηφζὶηέιιος
438 2025 502 2106 ἐμοὶ
519 2020 674 2106 γενόμενος
691 2020 915 2110 ἐγγραφῆναι
887 2050 919 2089 το
932 2029 1057 2088 διπλοῦν

59 2262 98 2319 23
188 2238 340 2323 Ἐπίσχες.
375 2240 469 2305 ταυτὶ
485 2238 610 2322 πάντα,
634 2234 657 2302 δι’
673 2241 739 2304 νῦν
755 2234 952 2325 ἐγκέκληκεν
973 2235 1055 2323 ἐμοὶ,

106 2335 270 2421 πρότερον
287 2330 511 2419 τὸνΕύεργον
526 2332 756 2418 αἰτιασάμενος
772 2334 833 2420 τὴν
850 2338 947 2421 δίκην
957 2330 1054 2404 εἷλεν.

106 2431 351 2523 μεμαρτύρηται
365 2434 427 2520 μέν
443 2428 483 2519 δη
495 2434 553 2501 καὶ
570 2435 608 2501 ἐν
624 2429 709 2521 άρχῇ
718 2458 775 2518 μοι
785 2435 960 2521 τοῦλόγου
973 2433 1055 2520 πρὸς

107 2532 193 2620 ῦμόῐς
217 2528 262 2610 οἱς
281 2529 491 2619 ἀπεδήμουν,
513 2527 569 2600 ὅτε
587 2530 717 2609 τούτοις
739 2535 776 2598 αλ
793 2529 876 2616 πρὸς
893 2528 1056 2619 ἀλλήλους

108 2637 278 2719 ἐγίγνοντο
296 2636 468 2719 διαφοραί·
491 2626 533 2698 ού
549 2625 617 2715 μὴν
634 2625 718 2696 άλλά
734 2632 790 2696 καὶ
806 2632 843 2697 ἐκ
859 2637 921 2697 τοῦ
937 2629 1056 2715 ἐγκλή-

108 2756 210 2818 ματος
226 2729 349 2801 τούτου
367 2727 471 2818 δῆλόν
487 2732 586 2796 ἐστιν.
620 2723 771 2814 ούδαμοῦ
791 2724 856 2813 γάρ
880 2722 923 2805 ὡς
943 2727 1008 2811 ἐγεέ
1025 2750 1057 2794 τι

108 2836 272 2914 πεποίηκα
287 2830 417 2900 τούτων
434 2834 594 2916 ἔγραφεν,
616 2825 683 2896 ἀλλ’
701 2823 898 2915 ὑπογράψας
920 2831 1057 2918 ἐπιβου-

108 2936 227 2997 λεῦσαί
241 2955 282 3015 με
303 2925 395 3018 αύτρῦ
413 2930 468 2998 καὶ
482 2937 523 3017 τῇ
539 2927 638 3016 οὐσίᾳ
654 2926 833 3013 προστάξαι
850 2928 893 3014 μέ
909 2948 991 3015 φησι
1010 2936 1058 3018 τῷ

109 3030 201 3095 παιδὶ
211 3035 316 3095 ταῦτα
327 3043 448 3113 ποιεῖν,
471 3027 691 3113 ψευδόμενος·
714 3034 782 3104 πῶς
798 3021 863 3111 γάρ
874 3023 939 3110 ἐγώ
952 3045 1058 3112 προσ-

110 3128 215 3212 έταξα,
234 3123 271 3204 ὃς
282 3124 338 3194 ὅτε
349 3128 501 3206 ἐξέπλεον
510 3132 581 3195 τῶν
591 3129 824 3213 γενησομένων
833 3123 967 3194 ἐνταῦθ’
980 3121 1056 3192 οὐδ’

61 3221 222 3296 λλὸτιοῦν
234 3225 408 3311 δήπουθεν
418 3225 527 3314 ᾕδεινς
550 3223 618 3292 εἶτα
629 3227 684 3292 καὶ
695 3224 782 3311 πόση
799 3229 923 3311 μωρία,
941 3226 1057 3309 λε’γυν-

108 3350 148 3392 τα
167 3321 211 3403 άς
233 3323 458 3412 ἐπεβούλευον
480 3322 641 3412 ἀτιμάσαι
662 3326 718 3391 καὶ
734 3321 775 3406 τά
791 3328 908 3410 ἔσχατα
925 3325 1056 3409 πρᾶξαι,

108 3425 216 3514 ολκέτη
226 3450 267 3510 με
279 3431 383 3491 ταῦτα
394 3424 576 3511 προστάξαι
591 3425 810 3511 γεγραφέναι,
833 3420 856 3492 δ’
872 3419 950 3491 ούδὲ
963 3425 1059 3492 πολέ-
