2370 3854
224 213 368 275 ΚΑΤΑ
389 211 873 276 ΑΡΙΣΤΟΓΕΙΤΟΝΟΣ
891 214 932 276 Α.
997 211 1060 276 297

106 375 203 443 πόλιν
220 380 352 458 οίιιείτε,
375 379 579 457 συγγενικῶς
595 372 650 439 καὶ
668 371 932 460 φιλανθρώπως,
956 377 991 443 οί
998 371 1059 460 μὲν

105 472 209 552 οὕτως
224 470 367 558 ὁρῶντες
381 468 421 538 τά
431 477 500 537 τῶν
512 468 726 556 ἠτυχηκότων
738 476 819 555 ἔργα
830 470 931 556 ῶσιε,
952 472 1060 558 τὸτῆς

104 579 293 658 παροιμίας,
315 567 467 653 ὁρῶντας
481 567 526 655 μή
538 566 625 655 ὁρῶν
635 570 691 637 καὶ
702 567 887 648 άιιοόοντας
897 568 942 655 μὴ
954 568 1060 637 άιιού-

103 697 168 754 ειν,
193 675 228 737 οί
250 666 280 736 δ’
300 666 388 737 οὕτω
410 676 584 747 ποιοῦντες
605 665 848 753 δπράττουσιν
870 665 948 737 ῶστ’
974 666 1059 735 εἶναι

102 772 242 856 φανεροὶ
263 772 318 835 καὶ
340 765 582 854 φυλαττόμενοι
602 770 658 835 ιιαὶ
680 766 920 853 αἰσχυνόμενοι.
963 768 999 834 ἐπ
1022 767 1059 834 δὲ

100 867 229 935 τούτων
245 864 266 952 ἡ
283 892 380 952 αοινη
368 864 451 934 καί
468 865 604 934 πάντων
614 874 682 935 τῶν
693 865 835 964 άγαθῶυ
846 873 933 936 αίιία
943 873 985 952 τῇ
995 865 1059 933 πό-

56 988 92 1045 90
100 973 149 1033 λει
160 967 254 1050 με’νει
269 991 323 1032 ιιαι
312 963 564 1050 συνίστηνεν’
547 964 696 1051 ομόνοια.
729 973 834 1033 ταῦτα
845 970 962 1033 τοίνυν
970 961 1055 1049 Ἀρι·

100 1067 278 1148 στογείτων
294 1059 334 1129 τά
354 1069 464 1141 καλῶς
480 1088 568 1130 ουτω
580 1063 800 1153 πεπηγότατῇ
811 1062 912 1150 φάσει
923 1064 978 1131 καὶ
990 1076 1059 1142 τοῖς

97 1160 198 1248 ηθεσι
209 1174 277 1238 τοῖς
287 1157 458 1246 υμετέροις
469 1175 556 1228 κινεῖ
564 1158 649 1228 καί
630 1176 763 1246 αναιρεί
771 1165 825 1229 καί
836 1167 1055 1248 μεταρρίπτει,

98 1262 152 1325 καὶ
174 1255 196 1323 δι’
216 1264 284 1324 τῶν
307 1254 419 1325 άλλων
440 1266 508 1324 τῶν
524 1255 739 1345 ἠτυχηκότων
755 1260 892 1337 ἕκαστος
910 1256 1056 1344 άψοφητὶ

98 1369 194 1440 ποιεί,
207 1351 307 1422 ταῦθ’
323 1345 422 1432 οὗτος
432 1354 539 1473 μόνον
550 1352 591 1422 οὐ
602 1355 761 1434 αῶδωνας
772 1356 973 1441 ἐξαψάμενος
984 1363 1057 1422 δια-

100 1449 357 1572 πράττεται.οό
380 1451 556 1540 πρύτανις,
580 1451 622 1522 οὐ
643 1458 765 1540 κῆρυξ,
787 1451 850 1521 οὐκ
872 1452 1055 1542 ἐπιστάτης,

100 1576 161 1634 ουχ
168 1576 201 1646 η
226 1547 477 1634 προεδρεύουσα
499 1549 589 1636 φυλη
612 1551 735 1620 τούτου
755 1563 888 1637 κρατεῖν
905 1551 1054 1619 δύναται.

53 1670 88 1724 91
99 1634 233 1716 ἐπειδάν
249 1639 313 1716 οὖν
329 1674 379 1727 τις
394 1645 490 1735 υμῶν
506 1647 563 1734 ἐφ’
581 1642 685 1728 οἷς
641 1675 740 1729 ουτος
750 1646 936 1735 άσελχαίνει
948 1658 1055 1738 λυπη-

93 1749 170 1868 βεὶς
186 1745 281 1834 είπη
282 1744 427 1817 ’τουτονί
443 1755 547 1817 ταῦτα
559 1762 682 1836 ποιεῖν,
706 1751 853 1819 ααδταῶτ
856 1747 1055 1835 ’ὀφείλοντα

93 1841 352 1935 “ιῶδημοσίφ,”
375 1843 448 1914 τίδ’
458 1874 466 1926 ;
487 1844 623 1916 οόκαὶὸ
640 1852 748 1935 δεῖνα,
772 1845 930 1935 φησὶν,’
914 1875 976 1934 οφε
978 1855 1054 1939 ίλει;

98 1943 157 2011 τόν
168 1942 292 2030 ἐχθρόν
302 1944 438 2024 ἕκαστος
449 1942 601 2014 ῶπωπῶν
611 1945 671 2016 τόν
682 1945 796 2016 αὑτοῦ.
820 1945 904 2015 ῶστε
916 1945 978 2033 τὴν
991 1971 1055 2014 πο-

99 2048 218 2126 νηρίαν
231 2040 293 2128 την
309 2041 432 2111 τούτου
449 2049 557 2113 αἰτίαν
576 2043 743 2113 εἶναιτῶν
759 2052 996 2132 βλασφημιῶν,
1019 2051 1059 2135 αἳ.

97 2142 172 2225 περὶ
182 2148 249 2208 τῶν
260 2138 320 2224 οὐχ
331 2138 458 2227 ὁμοίων
468 2143 576 2232 τούτῳ
590 2142 644 2210 διά
654 2151 776 2211 τοῦτον
786 2152 967 2228 γίγνονται.

52 2265 88 2319 9η
180 2237 309 2305 Λοιπὸν
331 2245 448 2305 τοίνυν
469 2240 575 2325 ἐστίν,
599 2233 762 2325 ῶάνδρες
776 2237 962 2325 Ἀθηναῖοι,
984 2251 1052 2316 τοῖς

96 2333 326 2420 ἀπαλλαγῆναι
335 2339 553 2422 βουλομένοις
564 2337 702 2420 τούτου,
728 2336 871 2425 ἀδίκημα
882 2337 984 2422 σαφὲς
996 2336 1052 2403 ναὶ

96 2433 231 2518 εναρνὲς
248 2439 383 2520 ἔχοντας
399 2438 435 2503 ἐκ
455 2443 523 2503 τῶν
533 2436 647 2522 νόμων
657 2437 798 2522 μάλιστα
809 2436 871 2522 μὲν
883 2433 973 2526 αὐτῷ
982 2444 1032 2503 θα

97 2532 203 2601 νάιον
219 2541 368 2620 τιμῆσαι,
392 2543 421 2602 εί
438 2532 545 2621 δὲμὴ,
568 2542 732 2603 τοσοῦτον
742 2533 918 2603 άναθείναι
928 2540 1051 2620 τίμημα
1081 2531 1083 2534 ’

96 2633 287 2719 χρημάτων,
310 2631 393 2700 ὅσον
411 2630 455 2719 μὴ
474 2630 651 2718 δυνήσεται
664 2637 794 2719 φέρειν·
817 2631 899 2718 άλλη
911 2629 976 2717 γάρ
988 2627 1050 2698 οὐκ

51 2756 86 2811 93
97 2736 185 2800 ἔστιν
202 2729 373 2819 ἀπαλλαγὴ
390 2733 530 2817 τούτου,
551 2738 667 2818 σαφῶς
682 2734 869 2800 ἐπίστασθε.
904 2732 959 2799 καὶ
974 2728 1050 2816 γάρ,

97 2823 450 2916 ῶάνδρεςἏθηναίοι,
472 2839 541 2898 τῶν
551 2831 612 2917 μὲν
623 2829 735 2899 άλλων
745 2828 939 2918 άνδρῶπων
950 2829 993 2897 άν
1003 2855 1052 2906 τις

96 2934 161 2995 ίδοι
182 2925 261 3004 τοὺς
282 2927 344 3012 μὲν
363 2934 553 3015 βελτίστους
574 2932 628 2996 καὶ
651 2927 892 3017 μετριωτάτους
910 2924 996 3012 αὐτῇ
1011 2933 1052 3012 τῇ
1059 2944 1111 2997 798

96 3025 197 3106 φάσει
208 3024 316 3090 πάντα
327 3034 506 3106 ποιοῦντας
516 3027 653 3105 ἑκόντας
664 3023 685 3094 ά
697 3031 762 3111 δεῖ,
785 3030 865 3103 τοὺς
876 3025 911 3092 δὲ
921 3030 1051 3109 χείρους

95 3122 156 3209 μὲν
167 3124 314 3210 τούτων,
333 3130 393 3204 ἔξω
404 3129 440 3194 δὲ
450 3132 512 3194 τοῦ
523 3122 692 3210 πονηροὺς
705 3123 791 3208 άχαν
803 3128 986 3207 κληθῆναι,
1004 3125 1049 3208 τῷ

97 3219 193 3310 φόβῳ
204 3227 251 3311 τῷ
263 3219 346 3305 πρὸς
356 3218 444 3308 ὑμᾶς
453 3226 508 3293 καὶ
519 3232 566 3314 τῶ
576 3236 644 3301 τοῖς
655 3229 799 3307 αίσχροίς
809 3222 863 3287 καὶ
875 3218 985 3303 λόχοις
996 3221 1051 3285 καὶ

97 3317 261 3388 ὀνείδεσιν
277 3318 392 3406 άλγείν
413 3319 680 3411 εὐλαβουμένους
700 3316 949 3405 ἐξαμαρτάνειν·
972 3315 1051 3396 τούς

98 3417 133 3484 δὲ
151 3419 398 3504 πονηροτάτους
407 3422 463 3489 καί
474 3424 662 3508 ἐξαγίστους
673 3417 935 3504 ὀνομαζομένους
945 3415 1003 3494 τάς
1012 3441 1051 3501 ηε
