2370 3854
279 207 422 268 ΚΑΤΑ
447 206 845 271 ΤΙΜΟΚΡΑΤΟΤΣ.
974 207 1038 272 265

83 368 359 457 προστιμημάτων
371 373 506 436 ἔσεσθε·
529 368 585 435 καὶ
595 364 656 452 τὴν
667 366 741 453 μεθ’
755 366 859 453 ὅρκον
870 369 1039 456 καλλόχον

84 472 138 536 καὶ
149 473 286 550 κρίσεως
297 476 413 552 ψῆφον
423 469 646 553 ἐνηνεγμένην
656 465 818 535 άνάδικον
828 475 1038 555 καθίστησιν.

83 566 126 653 μή
147 565 187 652 δὴ
206 563 308 634 ταῦθ’
330 564 411 652 ὑμῖν
426 573 494 634 τῶν
505 569 541 633 έκ
553 573 615 633 τοῦ
626 566 733 652 νόμον
743 565 898 654 ῥημάτων
909 570 1039 648 ἐκλέξας
1146 594 1148 599 ·

83 668 219 751 λεγέτω,
242 662 264 732 ά
281 663 576 750 φιλανθρωπότατ’
590 662 848 733 έστδνάκοῠσαι·
869 665 944 735 ἀλλ’
956 665 1039 735 ὅλον

83 762 243 831 δεικνύτω
255 761 314 831 τὸν
324 764 432 849 νόμον
442 765 530 849 ἑξῆς,
541 766 596 832 καὶ
607 763 647 831 τά
659 762 877 851 συμβαίνοντ’
890 771 922 846 ἐξ
933 764 1040 833 αὐτοῦ

83 877 220 931 σκοπεῖν
235 863 329 930 ἐάτω.
363 860 517 949 εὑρήσετε
536 861 600 950 γάρ
616 861 711 930 ταῦτ’
730 861 812 932 ὄντα
829 861 851 930 ά
867 862 930 950 έγῶ
942 868 1037 952 λέγω,

38 977 72 1030 92
84 966 138 1030 καλ
156 961 216 1047 οὐχ
231 961 368 1048 δι’-φησιν
379 954 485 1041 οὗτος.
509 960 594 1031 άλλά
605 961 672 1050 μὴν
683 964 767 1049 πρός
777 989 815 1048 χε
826 961 863 1031 τό
876 979 945 1043 τοῖς
955 973 1036 1032 πολ-

84 1071 153 1138 λοῖς
170 1062 353 1147 συμφέρειν
363 1060 442 1140 τοός
453 1061 579 1148 νόμους
590 1061 717 1146 πράους
725 1064 780 1129 καὶ
790 1068 944 1149 μετρίους
956 1061 1041 1131 εἶναι

83 1159 160 1226 τάδε
171 1159 231 1245 χρὴ
245 1173 389 1227 σκοπεῖν.
413 1165 512 1244 ἔστιν,
525 1154 552 1226 ῶ
564 1159 683 1246 άνδρες
691 1158 872 1247 Ἀθηναῖοι,
884 1162 945 1229 δόο
958 1167 1039 1247 εἴδη,

84 1260 158 1342 περὶ
176 1251 225 1325 ῶν
241 1262 327 1326 είσιν
343 1263 376 1326 οί
390 1259 489 1345 νόμοι
505 1256 588 1325 κατά
599 1259 708 1337 πάσας
718 1258 776 1339 τάς
787 1261 915 1339 πόλεις·
940 1253 987 1329 ῶν
999 1260 1034 1328 τό

83 1362 143 1441 μέν
155 1358 238 1439 ἐστι,
251 1356 296 1422 δι’
309 1348 357 1422 ῶν
368 1353 526 1443 χρῶμεθα
538 1353 693 1442 άλλήλοις
703 1359 757 1425 καί
769 1360 1038 1444 συναλλάττομεν

83 1456 139 1521 καὶ
157 1457 229 1538 περὶ
240 1459 309 1519 τῶν
320 1456 414 1520 ίδίων
426 1452 447 1519 δι’
457 1453 519 1538 χρὴ
532 1467 639 1522 ποιεῖν
651 1460 856 1542 διωρίσμεθα
867 1461 921 1526 καί
934 1464 1040 1543 ζῶμεν

84 1551 168 1630 ὅλως
184 1550 224 1618 τά
243 1550 325 1638 πρὸς
340 1549 426 1638 ἡμᾶς
443 1550 581 1637 αὐτοὺς,
603 1553 640 1622 τὸ
659 1553 702 1641 δ’,
726 1552 766 1622 δν
783 1555 909 1641 τρόπον
931 1560 984 1624 δεῖ
993 1563 1041 1643 τῶ
1113 1640 1116 1647 Ι

83 1657 184 1738 κοινῷ
196 1658 254 1736 τῆς
264 1652 390 1729 πόλεως
399 1653 458 1718 ἕνα
469 1652 610 1720 ἕκαστον
620 1651 718 1739 ἡμῶν
726 1660 881 1740 χρῆσθαι,
891 1649 935 1721 άν
946 1665 1041 1722 πολι-

35 1761 73 1814 ,93
83 1749 243 1817 τεόεσθαι
252 1751 412 1836 βούληται
423 1751 713 1838 καὶφῇκήδεσθαι
723 1759 780 1837 τῆς
791 1750 925 1831 πόλεως.
955 1754 1042 1819 έκεῖ-

85 1875 165 1927 νους
186 1848 247 1934 μὲν
267 1855 384 1916 τοίνυν
404 1847 483 1928 τοὺς
501 1849 640 1936 νόμους,
661 1848 741 1928 τούς
759 1852 833 1935 περὶ
849 1859 918 1917 τῶν
935 1855 1039 1937 ἰδίων,

83 1945 189 2032 ἠπίως
210 1957 343 2015 κεῖσθαι
364 1950 419 2016 καὶ
441 1948 690 2035 φιλανθρώπως
712 1947 797 2033 ὑπὲρ
819 1957 888 2017 τῶν
907 1955 1041 2017 πολλῶν

85 2048 167 2113 ἐστί·
188 2047 308 2114 τοόσδε
328 2048 363 2115 δὲ
378 2045 458 2126 τοὺς
475 2050 549 2135 περὶ
565 2057 633 2116 τῶν
645 2047 728 2134 πρὸς
739 2045 776 2117 τό
788 2047 949 2134 δημόσιον
961 2044 1042 2114 τοό-

85 2151 236 2228 ναντίον,
260 2151 402 2230 ἰσχυρῶς
412 2147 466 2213 καὶ
477 2155 627 2230 χαλεπῶς
637 2152 722 2231 ἔχειν
733 2144 817 2232 ὑπὲρ
829 2144 924 2232 ὑμῶν
935 2149 1039 2212 ἐστίν·

86 2240 173 2307 οὕτω
196 2241 260 2326 γάρ
283 2238 325 2308 άν
345 2242 462 2327 ἥκισθ’
483 2249 518 2312 οί
535 2244 785 2329 πολιτευόμενοι
802 2242 880 2320 τοὺς
896 2243 1041 2318 πολλοὺς

86 2336 173 2422 όμάς
190 2337 344 2406 άδικοίεν.
379 2338 460 2407 ὅταν
478 2341 518 2425 δὴ
536 2340 643 2430 τοάτφ
660 2348 706 2430 τῶ
724 2340 811 2428 λόχφ
834 2347 965 2425 χρῆται,
988 2341 1040 2406 ἐπὶ

86 2443 189 2501 ταῦτα
208 2433 389 2523 άπαντοῖτε,
411 2435 464 2504 ότι
481 2434 560 2516 τούς
577 2439 702 2525 νόμους
718 2436 781 2506 οὐκ
797 2440 943 2515 ἐκείνους
961 2436 1040 2515 τούς

87 2531 170 2618 ὑπὲρ
183 2530 279 2620 ὑμῶν
295 2535 423 2620 πράους
440 2551 543 2619 ποιεῖ,
565 2534 648 2605 άλλά
667 2535 787 2604 τοόσδε
804 2542 839 2603 οἳ
855 2549 924 2614 τοῖς
944 2543 1041 2603 πολι-

84 2633 275 2717 τευομένοις
288 2633 398 2719 φόβον
409 2638 620 2719 παρέχουσιν.

35 2737 75 2790 94
167 2729 283 2799 Πολλά
302 2730 333 2800 δ’
353 2732 398 2799 άν
414 2759 463 2811 τις
477 2738 545 2818 ἔχοι
562 2737 686 2819 λέγειν,
711 2738 740 2799 εί
748 2729 830 2799 καθ’
842 2731 982 2798 ἕκαστον
993 2721 1042 2798 ῶν

85 2834 155 2911 ἐρεῖ
174 2829 346 2897 δεικνύναι
365 2831 522 2917 βούλοιτο
544 2839 754 2918 φενακισμοῦ
773 2833 828 2900 καὶ
846 2830 1042 2916 παρακροό·

86 2947 168 3003 σεως
184 2928 282 2994 ἕνεκα
298 2930 522 3017 ῥηθησόμενα.
542 2928 638 2998 ’άλλά
650 2929 690 2998 τά
701 2929 762 3016 μὲν
773 2927 878 2999 πολλά
890 2929 1040 3014 παρήσω,

85 3024 268 3108 κεφάλαιον
286 3024 316 3092 δ’
336 3024 418 3113 ὑμῖν
432 3026 453 3096 δ
469 3029 713 3115 μνημονεύσετε
732 3031 805 3113 έρῶ.
841 3026 985 3095 σκοπεῖτ’
1004 3029 1041 3093 έν
1049 3045 1098 3102 761

86 3123 190 3191 ἅπασι
207 3139 275 3203 τοῖς
290 3125 417 3211 λόχοις,
440 3125 586 3206 ὁπόσους
603 3123 646 3194 άυ
663 3132 757 3215 λένῃ,
781 3135 852 3193 είτι
863 3124 1044 3209 δυνήσεται

86 3231 239 3289 τοιοῦτον
257 3229 378 3308 εἰπεῖν,
399 3223 443 3292 δι’
458 3217 500 3293 οὗ
513 3225 634 3304 διδάξει
646 3222 690 3303 ῶς
701 3230 768 3292 ἔστι
779 3228 909 3292 δίκαιον
918 3222 978 3292 τόν
990 3249 1042 3290 τι-

85 3321 191 3387 θέντα
208 3322 314 3408 νόμον
330 3320 434 3391 ταύτά
452 3324 633 3410 προστάξαι
644 3326 718 3409 περὶ
729 3331 796 3390 τῶν
807 3321 1042 3409 παρεληλυθό-

85 3446 153 3486 των
164 3423 218 3488 καὶ
231 3419 393 3507 πρότερον
403 3425 496 3502 τέλος
505 3423 694 3510 ’ἐσχηκότων
703 3435 810 3489 ποιεῖν
822 3421 962 3505 καὶπερὶ
973 3425 1042 3487 τῶν
