2370 3854
152 189 214 250 εον
343 191 462 247 xxxw.
503 160 920 246 ΔΗΜοΣῦιιιιουΣ

153 347 214 435 μέν
231 351 268 415 έν
287 354 333 435 τῷ
343 345 506 435 Βοσπόρῳ
523 347 767 427 κατελέλειπτο,
790 342 808 410 ὁ
826 345 862 410 δέ
872 343 1004 430 Λόμπις
1020 341 1105 414 α’να·

153 447 247 532 χθελς
256 444 463 531 ἐναυάγησεν
473 441 516 512 οῦ
525 441 657 530 ματράν
667 440 732 511 ἀπό
744 450 806 511 τοῦ
816 445 989 529 έμπορίου·
1010 469 1107 530 μεμε-

154 549 311 633 μισμένης
320 541 385 628 μάρ
394 542 458 630 ἤδη
468 550 526 628 τῆς
535 537 691 626 νεῦς,ὦς
701 537 884 626 ἀκούομεν,
906 548 1035 625 μᾶλλον
1044 549 1107 610 τοῦ
1133 540 1136 545 ⁴

155 646 303 727 δέοντος,
315 644 563 727 προσανέλαβεν
572 638 668 707 έπίτδ
681 639 901 727 κατάστρωμα
908 645 1011 726 χιλίας
1020 640 1106 726 βόρ-

155 761 232 824 σας,
255 737 339 809 ὅθεν
357 742 412 806 καί
428 737 449 825 ἡ
468 735 639 823 διαφθορὰ
655 744 696 826 τῇ
707 740 762 824 νηὶ
773 743 906 826 συνέβη.
940 741 994 807 καὶ
1004 734 1107 817 αῦτδς

155 838 215 925 μὲν
236 835 395 924 ἀπεσώθη
417 839 454 903 έν
474 845 522 925 τῷ
536 838 646 923 λέμβῳ
664 833 746 921 μετά
761 843 829 904 τῶν
850 835 961 914 ἀλλων
977 841 1107 904 παίδων

154 944 223 1004 τῶν
233 941 380 1020 Δίωνος,
403 932 553 1001 ἀπώλεσε
570 934 606 1002 δέ
620 936 722 1001 πλέον
736 928 759 1020 ἦ
775 934 954 1018 τριάποντα
971 935 1107 1020 σοι’ματα

155 1035 253 1119 χωρίς
262 1040 331 1100 νῦν
343 1029 464 1099 ἀλλων.
496 1039 624 1099 πολλοῦ
635 1031 671 1099 δέ
681 1033 829 1108 πένθους
840 1033 876 1099 έν
886 1040 934 1122 τῷ
942 1032 1106 1123 Βοσπόρῳ

156 1131 252 1209 ὄντος
258 1183 267 1216 ,
291 1127 334 1208 ὡς
345 1129 511 1198 έπόθοντο
522 1129 583 1217 τὴν
594 1128 788 1216 διαφθορὰν
798 1138 856 1216 τῆς
872 1129 971 1216 νειός,
989 1127 1108 1215 ηὐδαι-

156 1231 291 1316 μόνιζον
308 1225 367 1296 τόν
379 1235 559 1315 Φορμίωνα
575 1230 697 1308 πάντες
712 1232 845 1298 τουτονὶ
861 1228 912 1297 ὅτι
929 1229 1006 1297 οῦτε
1023 1250 1106 1297 συν-

156 1327 286 1415 ανήχθη
300 1323 366 1397 οὔτ’
380 1329 513 1396 ἐνέθετο
528 1333 574 1406 είς
584 1327 646 1414 την
656 1335 744 1395 ναῦν
755 1325 862 1395 οὐδέν.
884 1329 1059 1414 συνέβαινε
1072 1330 1109 1397 δέ

155 1427 245 1513 παρά
268 1453 304 1494 τε
319 1433 389 1494 τοῦν
405 1425 515 1495 ἀλλων
531 1429 586 1494 καί
603 1425 692 1510 παρὰ
708 1427 830 1494 τοῦτου
847 1425 864 1495 ὁ
883 1424 983 1506 αῦτός
998 1428 1107 1512 λόγος.

155 1534 213 1596 καί
222 1552 278 1614 μοι
289 1522 464 1612 ἀνάμνοοθι
475 1524 596 1604 ταύτας
606 1523 664 1604 τὰς
673 1531 861 1611 μαρτυρίοις.

502 1663 761 1724 ΜΑΡΊῪΡΙΑΙ.

116 1785 148 1842 ll
240 1765 350 1847 Αότός
360 1768 421 1855 μὲν
431 1777 546 1838 τοίνυν
558 1766 576 1838 ὁ
589 1769 733 1856 Λάμπις,
747 1762 776 1859 ῳ’
787 1788 890 1856 φησιν
900 1765 1109 1839 ἀποδεδωκέ-

157 1893 212 1935 ναι
222 1864 258 1934 τό
270 1873 407 1951 χρυσίον
418 1868 539 1956 (τούτῳ
549 1865 614 1953 γὰρ
625 1870 799 1954 προσέχετε
810 1868 869 1936 τόν
880 1876 992 1955 νοῦν),
1004 1887 1110 1953 προσ-

158 1964 319 2041 ελθόντος
337 1961 428 2052 αῦτρῖ
446 1968 546 2051 ἐμοῦ,
567 1964 677 2051 ἐπειδὴ
695 1964 829 2051 τάχιστα
839 1971 1060 2035 κατέπλευσεν
1071 1971 1108 2035 έιι

156 2069 215 2147 τῆς
230 2069 391 2148 ναυαγίας
400 2061 575 2151 Ἀθήναζε,
597 2066 652 2133 καὶ
668 2067 856 2151 ἐρωτῶντος
872 2063 956 2153 ὑπὲρ
967 2065 1107 2150 τοῦτον,

155 2166 269 2248 ἔλεμεν
279 2160 331 2230 ὅτι
341 2159 419 2230 οῦτε
428 2162 469 2230 τά
479 2163 628 2250 χρήματα
639 2169 772 2232 ἔνθοιτο
784 2170 830 2243 είς
839 2161 901 2251 τὴν
912 2172 1000 2232 ναῦν
1010 2154 1109 2241 οῦτος

155 2259 240 2329 κατὰ
260 2260 322 2348 τὴν
343 2261 559 2350 συγγραφὴν,
582 2260 660 2331 οῦτε
681 2260 718 2330 τό
740 2270 879 2350 χρυσίον
900 2262 1042 2349 εἰληφώς
1059 2271 1109 2347 είη

157 2358 237 2444 παρ’
256 2358 363 2429 αῦτοῦ
378 2365 415 2429 έν
424 2362 588 2453 Βοσπόρῳ
599 2362 682 2430 τότε.
717 2369 776 2430 καί
788 2388 844 2448 μοι
859 2358 1034 2447 ἀνάγνωθι
1049 2359 1111 2447 τὴν

157 2466 342 2546 μαρτυρίαν
351 2467 420 2527 τοῦν
434 2465 723 2546 παραγενομένων.

510 2597 751 2658 ΜΑΡιυΡιΑ.
1120 2634 1169 2690 9„

116 2728 149 2782 12
238 2700 366 2789 Ἐπειδὴ
384 2710 516 2791 τοίνυν,
541 2696 705 2788 οἷάνδρες
720 2703 905 2790 Ἀθηναῖοι,
927 2698 1111 2786 ἐπεδήμησε

15 2812 19 2817 ’
159 2807 317 2887 Φορμίων
328 2799 443 2869 οῦτοσί
454 2805 661 2888 σεσωσμένος
671 2800 850 2888 ἐφ’ἑτέρας
861 2798 960 2886 νεῦς,
983 2798 1113 2888 προσῄ-

157 2925 208 2968 ειν
219 2894 311 2988 αῦτρό
320 2896 470 2978 ἀπαιτῶν
480 2897 517 2967 τό
531 2900 673 2969 δόνειον.
709 2904 764 2970 καὶ
776 2894 874 2980 οῦτος
883 2899 967 2968 τιατά
977 2900 1039 2985 μέν
1050 2896 1113 2982 ἀρ-

156 2995 446 3084 χάςοῦδεπόποτ’,
470 2990 827 3087 ὦάνδρεςἈθηναλοι,
851 2999 921 3067 εἶπε
936 2995 997 3066 τόν
1008 2998 1111 3084 λόγον

156 3104 278 3165 τοῦτον
294 3093 336 3165 δν
352 3098 429 3165 νυνί
446 3098 549 3183 λέγει,
572 3095 646 3167 ἀλλ’
665 3098 716 3168 ἀεὶ
733 3098 897 3185 ὡμολόγει
908 3096 1109 3166 ἀποδώσειν·

157 3196 226 3263 ἐπεὶ
237 3192 268 3260 δ’
281 3192 525 3264 ἀνειιοινιόσατο
536 3211 604 3277 τοῖς
613 3206 679 3266 νῦν
689 3204 854 3284 παροῦσιν
864 3192 956 3285 αὐτῷ
964 3197 1020 3269 καὶ
1028 3215 1113 3262 συν-

118 3296 324 3379 13διιιοῦσιν,
342 3296 452 3379 ἕτερος
463 3295 526 3382 ἤδη
536 3289 581 3383 ἦν
591 3298 646 3364 καὶ
657 3293 718 3381 οῦχ
728 3293 746 3363 ὁ
757 3293 866 3377 αῦτός.
902 3292 946 3372 ὥς
958 3289 990 3359 δ’
1002 3289 1113 3380 ᾐσθό·

158 3414 224 3472 νην
241 3389 344 3459 αῦτδν
363 3393 627 3478 διακρουόμενόν
643 3419 699 3479 με,
724 3396 946 3479 προσέρχομαι
957 3397 1005 3481 τῷ
1015 3389 1113 3478 Adp-
