2370 3854
104 196 168 262 ωε
304 195 390 253 xxv.
411 187 851 269 [ΔΗΜοΣοωΝουεη

106 358 213 443 μάτην
223 350 499 442 ἐρραψῳδηκότας
516 345 602 432 ἡμᾶς
612 350 759 432 ἔσεσθαι,
776 351 806 413 εἰ
816 344 848 414 δ’
862 341 927 416 ολοι
936 359 1060 436 μισεῖν,

106 461 212 542 δίκην,
226 452 285 522 ἐὰν
294 451 376 530 θεὸς
386 452 481 537 θέλῃ,
492 455 612 514 τοῦτον
625 444 755 512 διόσειν.

78 573 96 627 3
190 559 332 622 Πολλιῦν
351 552 387 617 δὲ
403 548 516 633 λόγων
532 546 716 630 εἰρημένων
724 545 779 613 καὶ
790 544 927 613 πάντων
937 553 1060 632 καλῶς,

105 652 168 720 οὐκ
181 649 315 738 ὀκνήσω
327 648 411 734 πρὸς
422 644 509 731 ὑμᾶς
521 651 626 712 εἰπεῖν
639 641 661 710 όῖ
668 640 697 728 γ’
712 645 782 728 ἐμοὶ
793 651 955 728 φαίνεται.
986 647 1061 730 ἐμοὶ

104 749 169 838 γὸιρ
187 746 262 818 οὐδ’
282 744 397 817 ὁτιοῦν
414 745 556 812 ἐοικέναι
574 746 748 818 δοκεῖτοῖς
765 739 878 820 ἄλλοις
899 740 917 809 ὁ
939 741 1061 828 παρτὸυ

105 850 207 937 ἅγιόν.
244 859 395 914 σκοπεῖτε
415 839 445 910 δ’
460 838 592 910 οὑτωσί.
625 837 709 924 πρὸς
726 836 841 906 ἅπαντ’
855 846 1005 926 ἔρχονται
1016 838 1059 906 τῦ

107 945 300 1031 δικαστήρια
318 947 352 1010 οί
367 945 428 1027 μὲν
446 940 596 1007 δικασταὶ
614 935 704 1022 παρόι
721 946 784 1006 τοῦ
799 938 987 1025 κατηγόρου
1003 941 1061 1006 καὶ

105 1053 166 1114 τοῦ
178 1042 363 1129 φεύγοντος
372 1037 409 1106 τὸ
428 1044 564 1122 πρᾶγμα
582 1036 814 1122 μαθησόμενοι
839 1041 914 1122 περὶ
925 1030 969 1105 οῦ
980 1037 1095 1124 δεή-ῖῖ

106 1167 156 1212 σει
166 1141 228 1228 τὴν
249 1146 366 1226 ψῆφον
389 1139 537 1222 ἐνεγκεῖν
556 1133 694 1219 αῦτοῦς,
716 1140 751 1203 οί
766 1131 796 1202 δ’
810 1132 971 1203 ἀντίδικοι
981 1133 1057 1221 μεθ’

105 1246 226 1311 ἑαυτοῦ
241 1243 358 1318 δείξων
378 1236 533 1322 ἑκάτερος
554 1233 636 1303 όντα
662 1235 702 1302 τόι
722 1241 790 1301 τεόν
811 1235 925 1320 νόμων
947 1240 1060 1302 δίκαια

80 1337 232 1426 λίσχνρό.
244 1336 284 1404 τὰ
296 1335 332 1402 δὲ
341 1333 463 1402 τοῦτον
473 1341 535 1402 τοῦ
542 1332 670 1420 ἀγῶνος
676 1340 746 1412 πῶς
752 1338 833 1419 ἔχεις
845 1338 880 1402 οί
888 1335 950 1419 μὲν
961 1334 1059 1401 δικό-

106 1460 221 1517 σοντες
231 1434 325 1522 ὑμεῖς
334 1431 430 1521 ἥκετε
440 1440 569 1518 μᾶλλον
578 1430 674 1518 ἡμῶν
684 1440 751 1499 τῶν
761 1432 957 1517 κατηγόρων
968 1433 1059 1499 είδό-

104 1563 157 1616 τες
167 1539 222 1604 καί
232 1534 409 1620 ὀφείλοντα
418 1539 464 1620 τῷ
477 1535 622 1620 δημοσίῳ
632 1539 751 1598 τοῦτον
768 1534 822 1599 καὶ
834 1535 1058 1617 ἐγγεγραμμέ-

104 1631 419 1716 νονένόκροπόλει,
448 1626 511 1695 οῦκ
528 1625 605 1711 ἐξὸν
622 1624 712 1716 αῦτῷ
735 1630 859 1710 λέγειν·
883 1625 965 1693 ὥσθ’
977 1630 1057 1693 ἕκα-

106 1754 186 1800 στον
197 1728 295 1816 ὑμῶν
305 1727 494 1813 κατηγόρου
503 1727 597 1806 τάξιν
608 1731 693 1811 ἔχειν
705 1727 760 1792 καλ
775 1723 812 1792 τὸ
825 1732 959 1809 πρᾶγμα
970 1728 1056 1790 είδέ-

79 1852 175 1912 σναι,
192 1827 236 1914 μὴ
255 1837 377 1913 μαθεῖν
392 1830 532 1892 δεῖσθαι.
564 1821 582 1891 ὁ
601 1825 636 1892 δὲ
653 1823 847 1909 κρινόμενος
857 1832 924 1890 των
935 1823 996 1908 μὲν
1009 1828 1057 1902 είς

106 1932 272 2012 σωτηρίαν
290 1922 464 2009 φερόντων
479 1920 547 1990 ἀλλ’
561 1919 635 1989 οὐδ’
653 1918 767 1990 ὁτιοῦν
784 1921 941 2005 πάρεστιν
958 1927 1054 2007 ἔχων,

105 2021 147 2092 οῦ
157 2020 236 2102 τοῦς
249 2020 333 2109 ὑπὲρ
344 2018 450 2089 αῦτοῦ
467 2028 529 2087 τοῦ
546 2019 737 2106 πράγματος
753 2019 873 2105 λόγους
894 2023 1053 2105 δικαίους,

105 2118 147 2191 οῦ
158 2120 217 2189 τὸν
227 2123 348 2189 ἑαυτοῦ
359 2125 435 2207 βίον
446 2116 682 2205 ἀνθρώπινον,
696 2115 758 2186 οῦκ
770 2115 837 2186 ἄλλ’
851 2115 925 2185 οὐδ’
939 2115 1055 2186 ὁτιοῦν

106 2218 254 2307 ἀγαθόν·
270 2216 310 2287 δι’
323 2215 389 2286 ὁδ’
402 2213 446 2286 όν
463 2221 518 2285 καλ
530 2213 607 2304 μηδ’
620 2214 735 2286 ὁτιοῦν
746 2214 872 2285 ιἰδικῦν
883 2243 932 2296 τις
942 2221 1057 2302 ἔδεισε,

106 2317 160 2386 διόι
171 2315 268 2387 ταῦθ’
281 2308 379 2396 οὗτος
390 2325 493 2384 οῖεται
503 2314 735 2401 σωθήσεσθαι·
753 2319 789 2382 ἐν
799 2313 862 2401 γὰρ
873 2323 915 2402 τῇ
925 2323 982 2400 τῆς
992 2339 1057 2382 πο·

79 2424 220 2502 όνηρίας
235 2414 404 2503 ὑπερβολῇ
420 2413 482 2501 τὴν
497 2418 614 2483 ἐλπίδα
623 2423 681 2500 τῆς
691 2421 851 2500 σωτηρίας
862 2420 934 2499 ἔχει.
966 2413 1056 2481 οὕτω

106 2513 138 2579 δ’
150 2513 295 2598 ἐχόντων
305 2514 451 2598 τούτων,
474 2517 568 2579 δοκεῖ
581 2519 641 2596 μοι’
652 2537 702 2589 τις
711 2509 774 2578 οῦκ
786 2506 829 2577 όν
839 2509 997 2595 ὁμαρτεῖν
1007 2517 1056 2578 εί-

105 2607 178 2677 πιὸν
188 2608 240 2678 ότι
251 2611 327 2677 υυνλ
338 2615 485 2695 κρίνεται
494 2609 556 2694 μὲν
564 2607 818 2693 Ἀριστογείτων,
837 2608 1056 2693 δοκιμάζεσθε

105 2709 141 2775 δὲ
152 2710 207 2774 καλ
217 2706 429 2775 κινδυνεῦετε
440 2703 533 2790 ὑμεῖς
544 2708 618 2787 περὶ
631 2704 734 2790 δόξης.
754 2710 783 2772 εί
793 2705 854 2790 μὲν
865 2702 929 2789 γὰρ
941 2703 1062 2791 ὀφθή-”

105 2814 205 2872 σεσθε
223 2806 276 2872 ἐπὶ
293 2818 360 2881 τοῖς
377 2802 466 2871 οῦτω
484 2817 640 2888 φανεροῖς
653 2805 708 2871 καλ
725 2801 1054 2891 μεγάλοιςόιδικήμα-

104 2925 159 2972 σιν
170 2901 376 2989 ὀργιζόμενοι
388 2903 443 2971 καλ
453 2901 710 2988 τιμωρούμενοι,
723 2902 832 2980 δόξετε
844 2899 951 2988 τοῦθ’,
971 2902 1053 2989 ὅπερ

104 3001 186 3086 ἐστὶ,
198 3003 348 3075 δικασταὶ
359 3002 414 3069 καλ
425 3000 571 3087 φύλακες
584 3010 653 3069 τῶν
663 3000 778 3086 νόμων
789 3004 1054 3087 εἰσεληλυθέναι·

77 3106 135 3170 ῖεί
145 3099 176 3168 δ’
190 3098 307 3185 ἕτερόν
316 3125 349 3167 τι
360 3104 527 3186 περιέσται
536 3100 682 3186 τούτων,
706 3098 848 3186 ὁμηδεὶς
864 3102 926 3188 μὲν
936 3097 979 3168 όν
989 3098 1054 3168 αὐ-

102 3196 159 3277 τὸς
172 3202 386 3285 πεποιηκέναι
396 3199 544 3286 φήσειεν,
562 3203 599 3267 ἐν
611 3199 646 3267 δὲ
654 3214 724 3278 ταῖς
736 3199 860 3286 ψήφοις
870 3197 1054 3286 εὸρεθησε·

102 3322 172 3381 ται,
196 3301 328 3366 δέδοικα
347 3295 393 3384 μὴ
418 3299 536 3386 δόξητέ
543 3318 608 3366 τισι
618 3298 678 3366 τὸν
689 3297 740 3365 οέεὶ
750 3296 957 3384 βουλόμενον
968 3296 1053 3366 εἶναι

102 3392 252 3479 πονηρόν
262 3402 331 3462 τῶν
341 3400 378 3465 ἐν
392 3405 432 3485 τῇ
449 3397 543 3465 πόλει
560 3402 804 3484 παιδοτριβεῖν.’
826 3394 974 3482 ἀσθενὴς
989 3401 1052 3483 μὲν
