2370 3854
118 223 160 286 68
328 230 398 286 xxl.
434 225 855 287 ΔΗΜΟΣΘΕΝΟΤΣ

115 380 271 470 “θρωποι
282 384 388 463 οὕτως
398 384 577 473 ἥμεροικαὶ
587 385 822 473 φιλάνθρωποι
831 385 912 464 τούς
930 386 1076 476 τρόπους

116 478 223 550 “ὡ’στε
234 481 340 552 πολλοὶ
350 481 406 570 ἀφ’
420 482 516 572 ὑμῶν
526 482 730 573 ἠδικημένοι,
748 487 801 554 καὶ
814 486 914 571 φύσει
924 493 981 571 τῆς
991 481 1075 569 πρός

114 578 224 666 “όμοῖς
234 585 356 668 ἔχθρας
370 581 482 660 αὐτοῖς
493 580 705 670 ὑπαρχούσης
717 590 888 671 πατρικῆς,
895 581 984 670 ὅμως
996 573 1072 650 οὐδ’

116 675 230 748 “όσων
240 675 285 748 ἀν
297 679 396 768 τιμὴν
406 683 610 761 καταθέντες
621 682 763 761 δούλους
774 680 975 768 κτήσωνται,
993 677 1074 750 οὐδὲ

112 775 275 859 “τούτους
287 777 434 867 ύβριζειν
445 778 614 864 ἀξιοῦσιν,
636 778 719 847 ἀλλά
737 779 844 866 νόμον
855 784 1002 868 ,δημοσίᾳ
1012 777 1074 847 τόν

115 875 240 945 πταῦτα
252 877 622 953 κωλύσονταπίθεινται
632 881 765 948 τουτονί
781 882 836 947 καὶ
854 877 1000 956 πολλοὺς
1009 875 1074 966 ἤδη

77 973 352 1064 50“παραβάυτας
368 975 429 1045 τόν
446 979 683 1064 νόμοντοῦτον
699 977 895 1063 ἐζημιωκασι
905 973 1072 1066 θανάτμ,”

122 1083 153 1144 εί
161 1076 255 1145 ταῦτ’
267 1075 447 1145 ἀκούσαιεν
458 1079 513 1144 καί
525 1090 656 1144 συνεῖεν
667 1081 702 1145 οί
708 1077 883 1164 βάρβαροι,
896 1073 959 1146 ούκ
970 1071 1013 1143 ἀν
1023 1085 1075 1144 οί-

123 1186 204 1243 εσθε
215 1181 358 1265 δημοσία
376 1176 501 1255 πάντας
517 1172 604 1260 ὑμᾶς
619 1178 800 1262 προξένους
811 1172 924 1243 αὑτων
934 1172 1076 1261 ποιήσα-

123 1285 221 1356 σθαις
237 1273 300 1344 τόν
312 1282 429 1343 τοίνυν
445 1273 487 1343 ού
499 1270 588 1360 τιαρά
605 1287 672 1354 τοῖς
679 1270 815 1361 Ἕλλησι
826 1274 933 1360 μόνον
943 1269 1072 1340 εύόοκι-

121 1382 250 1459 μοῦντα
262 1373 386 1460 νόμον,
408 1370 492 1441 ἀλλά
510 1375 564 1440 καὶ
582 1369 672 1458 παρά
685 1387 753 1452 τοῖς
770 1372 952 1459 βαρβάροις
963 1364 1002 1439 εὖ
1015 1370 1075 1440 ‹56-

122 1469 205 1552 ξαντ’
220 1467 264 1538 ἀν
274 1476 370 1557 ἔχειν,
381 1467 551 1541 σκοπεῖσθ’
567 1468 584 1538 ό
598 1471 750 1556 παραβάς
758 1471 876 1558 ἥντινα
888 1472 967 1552 όοός
978 1475 1076 1558 δίκην

123 1566 218 1649 ἀξίαν
230 1575 319 1637 ἔσται
330 1570 491 1648 όεόωκύς.

82 1722 115 1777 51
207 1705 250 1767 Εί
258 1699 320 1784 μὲν
331 1706 464 1784 τοίνυν,
485 1692 513 1765 ὦ
530 1696 649 1784 ἀνδρες
663 1697 850 1786 Ἀθηναῖοι,
875 1698 919 1785 μή
935 1696 1076 1783 χορηγός

124 1795 173 1868 τόν
183 1796 278 1866 ταῦτ’
291 1798 494 1866 ἐπεπόνθειν
504 1795 570 1866 ὑπὸ
581 1802 737 1882 Μειδίου,
748 1797 849 1884 ὕβριν
859 1796 903 1865 ἀν
912 1822 961 1875 τις
968 1793 1076 1882 μόνον

123 1901 269 1981 κατέγνω
286 1903 355 1963 τῶν
372 1897 614 1983 πεπραγμένων
629 1893 735 1983 αύτῷ·
757 1903 824 1963 νῦν
846 1898 954 1980 δόμοι
974 1897 1075 1978 δοκεῖ,

123 1989 190 2063 κάν
200 1992 354 2080 ἀσέβειαν
366 1998 397 2061 εί
405 1993 677 2078 καταγιγνώσκοι,
685 1990 726 2060 τά
738 1992 950 2080 προσήκοντα
957 2004 1073 2058 ποιεῖν.

124 2105 193 2163 ίστε
203 2092 268 2178 γάρ
280 2091 390 2178 δήπου
397 2100 513 2177 τοῦτο,
536 2091 587 2159 ότι
598 2091 676 2171 τούς
692 2088 813 2178 χορούς
824 2087 917 2177 ὑμεῖς
928 2088 1077 2168 ἀπαντας

124 2193 264 2270 τούτους
275 2188 613 2280 καίτούςύμυουςτρί
623 2197 695 2280 θεῷ
713 2203 835 2257 ποιεῖτε
845 2187 887 2257 οὐ
897 2187 1005 2275 μόνον
1015 2214 1078 2255 κα-

124 2292 164 2360 τά
185 2288 263 2371 τούς
285 2290 410 2377 νόμους
430 2287 510 2369 τούς
528 2291 602 2374 περὶ
617 2297 685 2357 των
694 2294 904 2375 Διονυσίων,
927 2285 1079 2356 ἀλλὰκαὶ

125 2390 208 2459 κατὰ
219 2388 278 2469 τάς
288 2395 459 2475 μαντείας,
478 2391 515 2458 ἐν
533 2387 584 2467 αἷς
595 2385 736 2466 ἀπάσαις
755 2383 1079 2474 ἀνῃρημένονεῦρή-

125 2511 198 2557 σετε
209 2498 250 2575 τῇ
258 2489 373 2573 πόλει,
386 2485 507 2572 ὁμοίως
515 2490 551 2553 ἐκ
557 2493 704 2571 Δελφῶν
714 2488 770 2552 καὶ
780 2487 818 2551 ἐκ
829 2484 1009 2569 Δωόύνης,
1019 2509 1078 2569 χο-

126 2585 207 2672 ρούς
226 2583 357 2653 ίστάναι
373 2583 456 2652 κατά
469 2582 510 2650 τά
527 2583 649 2668 πάτρια
670 2583 727 2649 καὶ
743 2590 864 2649 κνισοῖν
885 2580 1005 2667 ἀγυιάς
1021 2581 1078 2650 καὶ

79 2693 401 2770 οἳστεφανηφορείν.
437 2679 615 2766 ἀνάγνωθι
639 2681 677 2747 δέ
689 2704 746 2766 μοι
766 2677 882 2766 λαβάν
902 2676 1004 2759 αύτάς
1020 2676 1080 2758 τὰς

125 2787 288 2869 μαντείας.

480 2968 724 3030 ΜΑΝΤΕΙΑΙ.

208 3104 313 3184 [Αύόῶ
320 3099 576 3216 Ἐρεχθείδῃσιν,’
559 3127 623 3173 οσοι
633 3104 838 3184 Πανόίονος”
818 3128 891 3173 αστυ

212 3194 306 3256 ναίετε
316 3215 367 3253 και
357 3189 573 3296 πατρίοισι’
536 3217 638 3296 νομοις
647 3185 765 3256 Mra&
775 3185 886 3298 ἕορτάς,

213 3280 381 3379 μεμνῆσθαι
393 3272 531 3357 Βάκχοιο,
544 3277 595 3338 καὶ
606 3269 783 3381 εὐρυχόρους
794 3300 849 3340 κατ
845 3270 975 3382 ’ἀγυιάς

214 3354 362 3424 ἱστάναι(
343 3362 419 3444 ωραί
418 3384 460 3423 ων
471 3356 639 3462 Βρομίω’
602 3385 689 3443 γαριν
698 3359 814 3461 ἀμμιγα
824 3357 947 3464 πάντας,

214 3443 265 3506 καὶ
276 3449 382 3507 κνισαν
391 3441 566 3527 βωμοῖσι’
527 3468 604 3527 καρη
616 3439 770 3524 στεφάνοις
779 3440 979 3521 πυκάσαντας
