2370 3854
383 239 524 300 ΠΡΟΣ
542 240 768 302 ΑΦΟΒΟΝ.
993 244 1056 306 349

99 393 159 466 “τό
168 404 299 482 πρῶτον
309 405 430 485 βασανι
432 401 571 484 ομένου
577 424 637 465 τον
623 399 771 486 παιδος,
779 404 833 469 και
844 405 992 494 τοσούτῳ
1005 425 1057 473 σοι

101 491 316 581 “γενέσθω
283 524 320 566 το
332 505 454 584 τίμημα
465 488 641 566 ἔλαττον
612 523 662 564 ων
673 489 790 583 οόφλες,
801 498 904 566 καθ’
890 528 911 567 α
905 472 1059 570 6606-

91 591 200 664 λυαν
211 597 423 684 έξητησας,
408 621 462 664 ινα
477 596 581 681 μηδὲν
598 600 767 683 ζημιωθης
777 619 867 680 παρα
883 624 963 678 τους
973 627 1060 687 μαρ-

63 692 234 780 53τυρας.”
256 701 339 760 ταῦτ
345 693 453 780 ’ἐμοῦ
470 696 763 780 προκαλεσαμένου
779 704 912 764 πολλῶν
931 699 1059 781 παρόν-

107 820 174 861 των
191 791 255 860 οὐκ
274 788 317 860 66
336 797 399 879 ἔφη
422 801 565 879 ποιῆσαι.
599 799 706 860 καίτοι
728 791 819 872 ὅστις
845 791 946 872 αὐτός
967 793 1057 884 αὐτῷ

106 887 200 958 ταῦτ’
215 896 319 976 ἔφυγε
331 889 480 976 δικάσαι,
504 900 575 970 πῶς
585 889 673 977 ὑμᾶς
683 888 744 978 χρῆ
757 890 834 970 τούς
845 888 1058 979 ὀμωμοκότας

107 987 216 1076 τούτῳ
228 990 451 1074 πειθομένους
461 999 670 1076 καταγνῶναι
681 997 749 1057 τῶν
760 990 956 1077 μαρτύρων,
980 990 1056 1059 ἀλλ’

108 1086 150 1154 06
162 1095 284 1156 τοῦτον
294 1087 596 1174 ἀναισχυντότατον
613 1089 749 1155 πόντων
766 1087 958 1172 ἀνθρώπων
976 1089 1060 1157 εἶναι

109 1192 269 1273 νομίζεινς
280 1185 363 1255 ἄλλα
374 1185 442 1271 μῆν
453 1183 497 1264 ὡς
508 1184 619 1270 ἀληθῆ
630 1189 725 1270 λέγω,
737 1187 830 1252 κάλει
842 1187 971 1254 τούτων
981 1215 1060 1266 τους

108 1286 287 1371 μάρτυρας

456 1419 709 1480 ΜΑΡΤῬΡΕΣ.

66 1555 99 1608 54
151 1556 157 1565 ·
195 1524 247 1594 06
257 1536 372 1595 τοίνυν
383 1525 446 1611 ἐγώ
459 1533 519 1611 μὲν
529 1523 633 1594 ταῦθ’
652 1528 780 1611 ἕτοιμος
794 1517 855 1612 ῆν,
879 1529 913 1593 06
922 1527 957 1593 δὲ
974 1527 1061 1610 μόρ-

110 1652 206 1710 τυρες
218 1626 260 1694 06
271 1625 333 1712 τῆν
344 1623 451 1712 αότῆν
461 1625 601 1712 γνώμην
613 1625 684 1709 έμοί
695 1623 799 1710 εἶχον,
818 1620 901 1691 ἀλλά
912 1622 1061 1691 κάκεῖνοι

110 1725 399 1812 παραστησάμενοι
409 1721 488 1803 τους
505 1729 638 1808 παῖδας,
661 1719 744 1806 ὑπὲρ
758 1712 805 1788 66
816 1720 1059 1807 ἐμαρτύρησαν,

110 1833 221 1893 πίστιν
241 1827 408 1892 ἐπιθεῖναι
429 1821 601 1910 ἠθέλησαν
622 1818 699 1889 κατ’
724 1824 868 1888 ἐκείνων.
899 1817 917 1888 6
936 1819 966 1886 δ’
987 1819 1059 1889 οὔτ’

111 1928 248 2001 έκείνοις
258 1920 331 1990 066
344 1924 415 2010 ἐμοὶ
426 1926 545 1991 όοῦναι
555 1918 616 1989 τὸν
627 1918 732 2006 όρκον
743 1915 898 2005 ἠξίωσεν,
923 1916 998 1988 ἀλλ’
1010 1923 1062 1988 έπὶ

112 2023 223 2106 λόγοις
233 2027 516 2109 μεμηχανημένοις
531 2023 586 2090 καὶ
596 2020 761 2107 μάρτυσιν
778 2017 820 2087 06
836 2017 966 2104 τάληθῆ
976 2045 1062 2104 μαρ-

111 2133 225 2204 τυρεῖν
235 2123 436 2205 είθισμένοις
451 2118 488 2188 τὰ
501 2128 637 2204 πρᾶγμα
648 2119 854 2204 καταστήσας
872 2120 1019 2197 έλπίζει’
1000 2143 1062 2204 ρα-

114 2224 191 2336 δέους
202 2217 290 2302 ὑμᾶς
306 2215 530 2303 ἐξαπατήσειν.
552 2215 631 2300 λαβὲ
649 2209 715 2281 οὖν
732 2213 844 2291 αὐτοῖς
861 2215 916 2281 καὶ
937 2216 1062 2300 ταύτην

113 2314 175 2401 τῆν
186 2321 379 2400 μαρτυρίαν.

466 2447 708 2510 ΜΑΡΤῬΡΙΑ.

71 2575 104 2627 55
196 2566 275 2638 Πῶς
285 2550 349 2626 066
360 2557 404 2625 όν
419 2584 468 2636 τις
478 2561 684 2644 σαφέστερον
699 2559 871 2644 ἐξελέγξειε
891 2578 1064 2643 συκοφαν-

113 2662 295 2745 τουμένους
305 2654 391 2742 ῆμοῖς
402 2657 457 2724 καὶ
467 2658 845 2742 καταμεμαρτυρημένον
862 2652 991 2742 τάληθῆ
1009 2655 1064 2722 καὶ

114 2754 176 2841 τῆν
187 2760 282 2840 δίκην
300 2758 434 2833 δικαίως
452 2751 652 2841 ὠφλημένην
675 2753 696 2844 ῆ
724 2761 845 2824 τοῦτον
861 2757 920 2824 τόν
937 2754 1063 2842 τρόπον

114 2850 300 2932 ἐπιδεικνὺς
316 2857 445 2940 οἰκέτην
461 2850 522 2923 τόν
538 2852 599 2941 τῆν
615 2862 800 2940 μαρτυρίαν
817 2853 982 2943 γράφοντ’
1001 2852 1063 2922 οὐκ

116 2951 322 3036 έθελῆσαντα
332 2960 454 3021 τοῦτον
465 2958 653 3040 βασανίζειν
659 2955 734 3039 περί
745 2953 931 3022 αὐτῶντῶν
937 2979 1064 3039 μεμαρ-
1072 2969 1121 3024 861

116 3052 326 3134 τυρημένων,
343 3059 464 3118 Αίσιον
474 3048 534 3117 τὸν
544 3048 695 3134 ἀδελφὸν
707 3050 812 3119 αὐτοῦ
822 3060 925 3118 ταῦτα
937 3075 1064 3136 μεμαρ-

72 3142 281 3232 56τυρηκότα
299 3143 321 3211 6
338 3165 441 3231 φησιν
451 3145 536 3214 εἶναι
546 3151 654 3233 ψευδῆ
663 3197 672 3231 ,
693 3154 815 3214 τοῦτον
832 3145 938 3214 αὐτόν
960 3145 1064 3214 ταότόι

116 3259 184 3324 τοῖς
190 3245 354 3331 μάρτυσιν
365 3243 424 3324 οὓς
435 3245 544 3313 θιεόκει
553 3244 828 3333 μεμαρτυρηκότα
834 3271 890 3331 μοι
900 3243 983 3313 καθ’*
994 3245 1064 3330 Δῆ-

117 3366 227 3430 μωνος
238 3339 336 3419 ὄντος
348 3340 439 3433 αὐτῷ
449 3349 548 3413 θείου
560 3348 615 3413 καὶ
627 3343 883 3431 συνεπιτρόπου,
893 3350 984 3423 τεςθ
1002 3368 1050 3428 ρα·

118 3450 236 3520 παίνας
248 3439 309 3510 οὐκ
322 3445 443 3530 έθελῆσ
458 3442 525 3511 ·νθ’
537 3441 619 3530 ὑπὲρ
631 3450 692 3512 τοῦ
701 3443 762 3512 τὸν
775 3440 965 3527 ἄνθρωπον
978 3445 1057 3506 ἔλεόν
