2370 3854
85 238 208 298 ΠΡΟΣ
226 234 438 297 ΒΟΙΩΤΟΝ
455 233 566 294 ΠΕΡΙ
580 234 668 293 Tor
684 232 952 294 ΟΝΟΜΑΤΟΣ.
974 229 1037 293 465

86 397 153 468 ἀλλ’
167 394 351 482 ἀναγκαίου
361 386 405 478 ἦν
416 396 452 460 ἐκ
464 399 532 458 των
543 395 822 478 συμβησομένων,
843 401 874 462 εί
882 393 926 480 μη
939 401 1038 462 τοῦτο

61 495 325 580 τδιορθάσομαι,
338 495 374 559 ἐν
387 490 467 577 ὑμῖν
478 499 645 575 κριθῆναι.
677 498 708 560 εί
716 494 778 578 μὲν
789 486 853 560 οὖν
864 496 978 577 ἑτέρου
989 519 1039 559 τι-

86 595 147 675 νός
158 586 256 671 οὗτος
268 598 330 677 ἔφη
342 587 467 674 πατρός
479 586 563 656 εἶναι
579 591 635 655 καὶ
646 587 690 676 μή
703 587 848 676 τούμοῦ,
867 597 1039 676 περίεργος

88 691 132 761 δν
143 689 274 768 εἰκότως
285 689 428 758 ἐδόκουν
440 686 525 755 εἶναι
542 694 729 773 φροντίζων
739 687 759 757 ὅ
769 716 800 757 τι
810 689 965 778 βούλεται
978 716 1039 756 κα-

87 804 157 860 λεῖν
170 786 269 868 οὗτος
280 787 410 856 ἑαυτόν.
438 794 504 855 νῦν
523 789 559 852 δὲ
577 785 687 872 λαχών
699 791 795 874 δίκην
812 797 858 880 τῷ
877 789 974 874 πατρί
992 794 1038 876 τῷ

88 896 154 980 ἐμῷ
173 892 227 956 καὶ
243 886 317 973 μεθ’
336 889 459 955 ἑαυτοῦ
475 886 724 965 κατασκευάσας
743 887 960 974 ἐργαστήριον
978 906 1041 954 συ-
1125 964 1128 969 ,

86 996 275 1075 κοφαντιδν,
292 987 489 1072 Μνησικλέα
500 1011 546 1071 τε,
555 982 595 1054 όν
608 994 686 1063 ίσως
697 985 896 1070 γιγνώσκετε
908 985 1039 1071 πάντες,

86 1091 140 1156 καὶ
152 1089 328 1156 Μενεκλέα
340 1083 401 1153 τόν
411 1082 475 1171 τὴν
486 1091 598 1152 Νίνον
609 1085 726 1152 ἑλόντα
738 1088 882 1171 ἐκεῖνον,
906 1092 961 1158 καὶ
972 1112 1042 1154 τοι-

87 1188 209 1266 ούτους
229 1184 339 1271 τινάς,
366 1180 526 1263 ἐδικάζεθ’
550 1182 624 1262 υἱός
652 1181 736 1253 εἶναι
764 1184 906 1271 φάσκων
923 1189 959 1253 ἐκ
982 1193 1040 1271 τῆς

86 1291 268 1371 Παμφίλου
279 1279 450 1367 θυγατρός
460 1285 516 1349 καὶ
527 1282 621 1350 δεινά
632 1282 771 1369 πάσχειν
787 1286 910 1371 καὶτῆς
922 1292 1038 1366 πατρίἢ

62 1389 145 1463 ὃδος
161 1382 427 1467 άποστερείσθαι.
461 1378 604 1467 ὁπατηρ
622 1382 658 1448 δὲ
673 1388 778 1465 (πάσα
794 1380 859 1468 γάρ
877 1381 1039 1469 εἰρήσεται
1117 1416 1126 1433 ι

73 1480 276 1570 Ιόγάληίθεια,
300 1475 328 1549 ά
349 1479 469 1566 άνδρες
486 1483 648 1566 δικασταὶ)
668 1479 737 1567 άμα
751 1483 812 1567 μὲν
831 1481 1041 1568 φοβούμενος

88 1588 133 1660 είς
145 1581 359 1667 δικαστήριον
372 1584 524 1666 εἰσιέναι,
553 1580 599 1667 μή
610 1607 658 1660 τις
669 1577 722 1649 οἷα
739 1579 806 1651 ὑπὸ
825 1590 1038 1668 πολιτευομέ-

87 1707 151 1747 νου
168 1681 310 1763 ἑτέρωθί
324 1705 390 1748 που
414 1682 642 1765 λελυπημένος
660 1682 799 1749 ἐνταυθὶ
818 1679 1040 1769 ἀπαντήσειεν

88 1777 190 1866 αὐτῷ,
214 1777 281 1864 άμα
304 1777 337 1845 δ’
358 1781 573 1864 ἐξαπατηθεὶς
595 1775 661 1844 ὑπό
683 1787 741 1865 τῆς
762 1783 896 1849 τουτουὶ
917 1776 1039 1867 μητρός

89 1875 257 1964 ὀμοσάσης
266 1873 368 1964 αὐτῆς
382 1869 492 1964 ἥμην,
500 1877 559 1944 ἐάν
569 1873 674 1961 ὅρκον
685 1875 769 1966 αὐτῇ
781 1883 864 1967 διδῷ
873 1881 948 1966 περὶ
959 1877 1040 1946 τοά-

88 2004 171 2061 των,
194 1979 239 2063 μη
256 1973 425 2063 ὀμεῖσθαι,
450 1978 581 2046 τούτων
598 1978 633 2044 δὲ
645 1978 865 2062 πραχθέντων
884 1976 984 2046 οὐδὲν
994 1983 1041 2045 ἔτι

89 2081 226 2144 ἔσεσθαι
238 2074 366 2159 αὐτοῖς,
388 2080 442 2144 καὶ
459 2078 770 2162 μεσεγγυησαμένης
786 2073 965 2161 ἀργύριον,
988 2078 1041 2143 ἐπὶ

56 2176 217 2260 Ιίτοότοις
239 2178 354 2240 δίδωσι
372 2174 434 2241 τόν
454 2173 569 2261 όρκον.
602 2171 623 2261 ἡ
644 2175 679 2242 δέ
697 2177 856 2260 δεξαμένη
874 2172 916 2241 οὐ
933 2174 1040 2259 μόνον

88 2281 225 2360 τοῦτον,
245 2270 395 2340 ἀλλὰκαὶ
411 2270 471 2340 τόν
482 2270 633 2359 άδελφόν
642 2270 704 2342 τόν
714 2274 829 2357 ἕτερον
838 2269 921 2357 πρὸς
932 2273 1039 2362 τούτῳ

88 2371 299 2457 κατωμόσατο
312 2375 347 2438 ἐκ
358 2370 554 2457 τοῦπατρὸς
566 2372 824 2459 εἶναιτοῦέμοδ.
848 2371 891 2450 ὡς
903 2371 939 2440 δὲ
952 2369 1038 2439 τοῦτ’

88 2476 257 2558 ἐποίησεν,
276 2471 422 2557 εἰσάγειν
434 2478 480 2552 είς
497 2470 577 2552 τοὺς
588 2472 754 2558 φράτερας
765 2464 808 2558 ἦν
819 2468 948 2558 ἀνάγκη
958 2471 1039 2538 τού-

88 2597 166 2650 τους
176 2572 231 2640 καὶ
241 2570 339 2655 λόγος
350 2569 459 2650 οὐδεὶς
476 2570 679 2640 ὑπελείπετο.
712 2571 904 2659 εἰσήγαγεν,
927 2568 1040 2656 ἐποιή-

90 2689 181 2756 σατο,
194 2668 319 2738 ἵνατάν
329 2671 417 2759 μέσφ
430 2675 599 2757 συντέμω,
617 2670 776 2757 ἐγγράφει
793 2683 861 2748 τοῖς
880 2667 1040 2737 Ἀπατου-

90 2771 316 2852 ρίοιςτουτονί
333 2769 551 2855 μὲνΒοιωτόν
568 2774 613 2848 είς
629 2767 708 2849 τούς
724 2769 906 2856 φράτερας,
928 2766 989 2837 τόν
1008 2766 1040 2836 δ’

90 2868 205 2953 ἕτερον
220 2868 416 2954 Πάμφιλον·
439 2877 633 2948 Μαντίθεος
650 2867 683 2936 δ’
700 2869 948 2956 ἐνεγεγράμμην
964 2870 1038 2955 ἐγώ.

64 2965 263 3053 σσυμβάσης
280 2969 316 3036 δὲ
333 2977 380 3057 τῷ
391 2971 489 3054 πατρί
505 2976 659 3055 τελευτῆς
672 2972 752 3054 πρὶν
769 2966 827 3046 τάς
839 2965 972 3056 είςέτοδς
982 2972 1042 3052 δη·
1052 2992 1104 3049 ςρς

90 3064 192 3152 μάτας
213 3064 382 3152 έγγραφάς
402 3070 573 3155 γενέσθαι,
595 3066 709 3137 ἐλθόν
731 3075 776 3146 είς
797 3065 877 3146 τούς
899 3068 1042 3154 δημότας

91 3162 207 3232 οὑτοσί
226 3162 300 3233 άντὶ
321 3174 471 3236 Βοιωτοῦ
486 3174 686 3236 Μαντίθεον
705 3169 890 3252 ἐνέγραψεν
911 3167 1041 3235 ἑαυτόν.

91 3269 190 3331 τοῦτο
215 3260 247 3330 δ’
271 3262 334 3331 ὅσα
357 3266 495 3352 βλάπτει
516 3275 622 3334 ποιων
644 3273 777 3351 πρῶτον
799 3265 861 3351 μὲν
880 3264 950 3350 ἐμὲ,
973 3263 1042 3332 εἶτα

86 3364 123 3433 δέ
135 3368 190 3433 καὶ
201 3363 297 3453 ὑμᾶς,
310 3368 374 3452 ἐγω
386 3365 527 3452 διδάξω,
552 3361 690 3432 ἐπειδάν
702 3356 751 3432 όν
767 3366 852 3450 λέγω
865 3366 1043 3451 παράσχω-

86 3492 143 3550 μαι
156 3468 336 3552 μάρτυρας.

127 3564 267 3621 Demosth,
292 3563 394 3618 v01.1!.
806 3567 840 3619 30
