2370 3854
145 219 186 281 44
353 223 411 279 XX.
433 217 861 314 ΙΔΗίλίΟΣΘΕΝΟῬΣ

145 386 176 450 εί
189 383 251 467 μὲν
260 389 376 448 τοίνυν
399 383 547 463 ἐγκαλῶν
563 374 674 455 αὑτοῖς
690 379 794 461 λέγεις
815 377 866 445 ὅτι
883 399 921 447 σε
938 375 979 446 οὑ
997 380 1095 448 κατί-

147 502 272 566 στησαν
288 485 334 557 είς
350 483 526 561 κίνδυνον,
555 476 870 561 φιλοκινδυνότατος
886 476 1022 544 πάντων
1032 473 1095 544 άν-

147 585 296 660 θρῶπων
307 574 350 644 εί·
372 582 403 644 εί
417 574 453 644 δὲ
470 575 648 661 τεκμήριον
664 589 755 642 ποιεί
761 583 821 641 τοῦ
830 572 871 641 τά
884 579 993 642 δίκαια
1005 580 1095 660 είρη-

50 678 52 682 ”
146 678 257 759 κέναι,
278 681 355 743 λίαν
374 672 498 761 εὔηθες
515 687 626 752 ποιεῖς.
658 679 693 741 τί
700 672 764 759 γάρ
776 675 874 742 ἕνεκα
884 673 1007 742 τούτου
1017 681 1095 762 βελ-

145 782 225 842 τίων
235 769 304 840 ἔσθ’
317 771 335 842 ὁ
349 773 467 859 νόμος,
487 781 520 841 εί
533 799 580 850 τις
591 767 613 859 ἦ
626 769 833 858 τετελεύτηκε
843 779 912 838 τῶν
922 775 1095 858 γραψαμέ-
1118 829 1120 832 ,

144 900 214 940 νων
227 875 307 957 πρὶν
318 877 498 956 εἰσελθεῖν,
520 866 702 955 ἢπεισθείς
717 867 784 938 ὑπὸ
805 877 868 937 σοῦ
882 870 1093 956 διεγράψατο,

143 967 236 1057 ἢκαλ
254 968 339 1048 ὅλως
357 967 423 1037 ὑπδ
443 977 507 1036 σοά
528 969 801 1057 παρεσκευάσθη
823 967 906 1039 άλλά
917 977 1021 1036 ταῦτα
1033 971 1094 1055 μὲν

144 1067 223 1137 οὐδὲ
233 1073 343 1154 λέγειν
353 1067 464 1136 καλόν.
960 1146 965 1157 ⁰

86 1192 135 1245 146
219 1165 393 1253 Ἥιρηνται
415 1165 450 1234 δὲ
472 1174 519 1257 τῶ
539 1165 632 1255 νόμφ
653 1165 821 1252 σύνδικοι,
842 1170 897 1236 καὶ
917 1165 1049 1253 μάλισθ’
1063 1173 1098 1234 οἱ

145 1268 246 1334 δεινοὶ
264 1269 372 1350 λε’γειν
389 1264 526 1352 ἄνδρες,
549 1264 731 1351 Λεωδάμας
747 1263 923 1351 Ἀχαρνεὺς
938 1269 993 1333 καί
1005 1264 1094 1348 Ἀρι-

143 1371 279 1450 στοφῶν
293 1361 455 1450 Ἀζηνιεύς
475 1368 531 1432 καὶ
541 1363 774 1452 Κηφισόδοτος
790 1369 827 1433 ίκ
837 1369 1019 1452 Κεραμέων
1038 1366 1092 1432 καὶ

142 1472 278 1542 Δεινίας
295 1462 446 1549 Ἐρχιεύς.
489 1459 510 1530 ά
529 1462 569 1551 δὴ
588 1461 672 1550 πρὸς
682 1463 822 1541 τούτους
833 1461 1092 1550 ὑπολαμβάνοιτ’

41 1638 45 1643 ,
142 1558 186 1629 άν
209 1560 357 1646 είκότως,
381 1558 563 1646 άκοὺσατε,
585 1565 640 1629 καὶ
661 1576 811 1629 σκοπεῖτε
832 1558 877 1629 άν
887 1558 966 1647 ὑμῖν
982 1567 1092 1629 δίκαια

143 1665 308 1746 φαίνηται.
357 1665 492 1743 πρῶτον
520 1658 582 1745 μὲν
609 1656 693 1743 πρδς
716 1658 951 1744 Λεωδάμαντα.
995 1651 1092 1736 οὑτος

141 1757 308 1843 ἐγράψατο
328 1755 391 1842 την
402 1763 553 1844 Χαβρίου
576 1755 721 1843 δωρεάν,
744 1760 780 1826 ἐν
800 1749 925 1844 ᾗτοῦί
937 1762 1044 1826 ἔνεστι
1054 1755 1091 1825 τό

33 1894 36 1899 ,
141 1863 199 1942 τῆς
210 1853 358 1932 άτελείας
372 1862 440 1921 τῶν
451 1857 566 1944 ἐκείνω
577 1881 609 1921 τι
633 1857 822 1942 δοθέντων,
845 1854 1094 1942 καὶπρόςὺμάς

84 1951 306 2022 147είσελθῶν
322 1948 465 2039 ἡττήθη·
489 1958 523 2020 οί
538 1951 636 2040 νόμοι
653 1952 686 2022 δ’
706 1952 768 2023 οὑκ
787 1958 864 2023 ἐῶσι
874 1958 923 2034 δὶς
940 1953 1022 2040 πρὸς
1033 1952 1094 2022 τδν
1103 1977 1156 2030 w]

142 2051 248 2120 αὐτόν
269 2055 426 2138 περὶτῶν
442 2049 555 2119 αὐτῶν
573 2051 652 2120 οὔτε
663 2057 756 2131 δίκας
768 2050 842 2121 οὔτ’
856 2051 1005 2131 εάδάνας
1017 2050 1094 2120 οὔτε

143 2155 351 2219 διαδικασίαν
372 2146 447 2218 οὔτ’
467 2147 547 2218 άλλο
568 2149 694 2221 τοιοῦτ’
707 2148 807 2219 οὐδὲν
824 2150 915 2219 εἶναι.
948 2150 1093 2236 χωρὶςδὲ

141 2250 272 2319 τούτων
282 2249 499 2319 άτοπῶτατον
510 2244 553 2315 άν
565 2248 700 2318 πάντων
712 2256 874 2336 συμβαίη,
898 2255 927 2316 εί
942 2248 1015 2316 τότε
1032 2250 1093 2332 μὲν

37 2348 42 2359 ’
142 2347 183 2416 τά
191 2356 343 2437 Χαβρίου
363 2347 438 2431 παρ’
451 2346 531 2434 ὑμῖν
548 2354 628 2434 ἔργα
645 2354 755 2434 μεῖζον
774 2359 866 2435 ι”σχυε
876 2355 945 2415 τῶν
954 2345 1093 2415 Λεωδά-

143 2472 265 2531 μαντος
277 2447 405 2530 λόγων,
424 2444 536 2528 ἐπειδὴ
549 2445 584 2512 δὲ
596 2447 699 2513 ταῦτά
711 2473 746 2513 τε
757 2445 898 2530 ὑπάρχει
908 2450 962 2513 καὶ
973 2445 1012 2511 τά
1023 2450 1092 2511 τῶν

143 2543 255 2611 άλλων
276 2540 462 2628 εὐεργετῶν
481 2546 694 2628 προσγέγονε,
717 2548 897 2628 τηνικαῦτα
915 2542 1091 2626 σύμπαντα

82 2656 134 2710 148
142 2650 246 2708 ταῦτα
268 2637 493 2728 άσθενίστερα
513 2647 582 2707 τῶν
602 2640 724 2707 τοάτου
740 2642 851 2725 λόγων
861 2645 1000 2725 γένοιτο.
1037 2641 1093 2708 καὶ

142 2739 208 2824 μὴν
230 2739 312 2825 πρός
330 2765 368 2822 γε
388 2736 633 2824 Ἀριστοφῶντα
650 2736 756 2806 πολλά
774 2740 828 2805 καὶ
846 2736 940 2805 δίκαι’
952 2733 995 2804 άν
1006 2741 1091 2823 ἔχειν

143 2843 247 2904 εἰπεῖν
258 2834 357 2921 οἶμαι.
390 2829 488 2915 οὗτος
501 2837 615 2923 εὕρετο
627 2836 689 2925 τὴν
708 2834 839 2922 δωρεάν
850 2834 922 2922 παρ’
936 2835 1033 2923 ὑμῖν,
1055 2839 1091 2903 ἐν
1168 2898 1172 2906 .

36 3024 45 3032 ἱ
142 2926 363 3021 ᾗτοὺτ’ἐνην.
398 2938 453 3002 καὶ
472 2933 611 3007 οάτοὺί
625 2939 776 3023 ἐπιτιμῶ·
810 2940 859 3003 δεῖ
868 2933 932 3020 γάρ
944 2934 993 3021 ἐφ’
1011 2931 1091 3021 ὑμίν

143 3032 227 3101 εἶναι
238 3032 368 3101 διδόναι
382 3031 421 3101 τά
433 3030 558 3121 ὑμέτερ’
574 3033 686 3102 αὑτῶν
697 3031 745 3114 οἷς
756 3030 798 3102 άν
810 3034 987 3120 βούλησθε.
1021 3030 1090 3101 ἀλλ’

142 3131 249 3200 ἐκεῖνό
259 3159 298 3220 γε
315 3130 388 3218 οὐχὶ
406 3137 534 3202 δίκαιον
546 3131 633 3202 εἶναί
646 3161 746 3220 φημι,
770 3131 807 3201 τό
826 3132 881 3201 ὅτε
901 3133 962 3219 μὲν
983 3133 1091 3220 τούτῳ

142 3229 236 3297 ταῦτ’
250 3236 385 3316 ἔμελλεν
399 3229 561 3319 ὑπάρχειν
578 3232 716 3319 λαβόντι
733 3234 837 3319 μηδὲν
852 3229 1007 3319 ἡγεῖσθαι
1023 3234 1092 3295 δει-

142 3329 215 3411 νόν,
233 3328 343 3416 ἐπειδὴ
362 3329 393 3398 δ’
408 3333 529 3415 ἑτέροις
541 3335 686 3418 δίδοται,
709 3330 880 3418 τηνικαῦτ’
893 3330 1091 3418 άγανακτείν

82 3444 133 3499 149
142 3430 194 3493 καὶ
214 3435 345 3496 πείσειν
361 3427 446 3510 ὑμᾶς
458 3429 651 3512 άφελίσθαι.
685 3433 739 3498 καὶ
750 3429 816 3518 μην
833 3431 888 3499 καὶ
904 3426 1089 3514 Ἀγελάρχφ
