2370 3854
128 214 189 279 158
320 218 415 276 xxm.
452 217 874 281 ΔΗΜΟΣΘΕΝΟΤΣ

127 403 183 454 νος
195 371 217 463 ἢ
227 375 389 464 πολίτηςὸ
400 385 499 445 τούτο
511 377 661 463 ποιήσων
672 382 777 458 ἔσται;
789 377 852 447 ούκ
862 372 962 447 ἔνεστ’
976 384 1082 450 εἰπεῖν

82 474 288 555 ιθῶςοίσδα.
323 475 450 546 οὐκοῦν
465 477 570 546 ταῶτά
581 503 619 562 γε
630 476 739 563 δήπου
750 484 898 565 προσῆκε
908 481 1081 565 προσγρά-

124 591 199 660 δατ,
223 577 283 646 ἐάν
293 604 342 656 τις
353 575 532 662 ἀποκτείνῃ
542 576 733 661 γράφοντα,
746 572 871 663 ἀκωνῆ
884 574 988 663 ἕκῶν,
1006 576 1080 646 ἀδί-

124 701 188 752 κως
199 671 222 760 6
234 679 384 760 δικαίως,
403 679 495 755 ξένος
505 670 528 762 ἢ
539 681 689 760 πολίτης,
706 673 752 742 ἵν’
766 673 832 764 ὅτφ
844 675 923 743 ποτε
932 675 1080 765 τούργον

122 774 290 859 ἐπράχθη,
313 773 420 862 τούτῳ
437 772 478 840 τά
494 777 609 841 ἐκτῶν
620 774 736 859 νόμων
746 771 874 860 ὑπῆρχε
885 780 1012 865 δίκαια,
1033 775 1078 863 μὴ

122 869 230 958 μάΛί
245 868 326 938 αὐτὸ
339 870 376 938 τὸ
389 880 446 958 τῆς
459 878 563 951 αἰτίας
574 870 663 958 ὄνομ’
678 874 813 941 είπόντα
822 872 988 962 ἀγώγιμος
995 880 1078 944 ἔστω

121 970 342 1056 προσγράψαι.
376 976 449 1037 τίνα
466 995 530 1055 γαρ
541 972 585 1038 συ
596 969 779 1050 λελοιπας
760 997 884 1060 ορον
853 998 899 1040 τω
910 974 1078 1062 γράμματι

119 1069 244 1158 τούτῳ,
266 1076 330 1135 τοῦ
350 1069 458 1156 νόμον
481 1077 597 1155 σαφῶς
617 1067 738 1138 οὑτωσὶ
758 1076 913 1156 λέγοντος
929 1099 973 1159 μη
961 1072 1076 1169 πέρα

80 1192 213 1251 ηςορων
224 1165 438 1254 ἐλαύνειν,
418 1193 455 1248 ος
467 1167 678 1255 πανταχόθεν
689 1168 827 1248 διδως
804 1196 913 1255 αγειν;
935 1169 954 1237 ὁ
973 1171 1077 1257 νόμος

122 1267 159 1334 δε
170 1291 212 1333 ov
222 1292 329 1353 μονον
339 1293 402 1335 ονκ
419 1267 573 1336 ἐλαύνειν
588 1277 657 1336 τῶν
673 1267 766 1351 ὅρων
782 1272 882 1355 πέρα,
905 1268 980 1336 ἀλλ’
999 1268 1075 1338 οὐδ’

122 1365 217 1452 ἄγειν
227 1369 312 1455 ἐφ’
296 1393 333 1435 εκ
344 1369 381 1435 δὲ
391 1375 453 1434 τοῦ
464 1376 529 1436 σού
539 1365 774 1454 ψηφίσματος
760 1392 777 1435 ο
790 1368 996 1455 βουλόμενος
1007 1368 1078 1449 ἀξει

121 1464 182 1533 τόν
199 1465 323 1532 ἀκοντα
340 1463 562 1548 ἀπεκτονότα,
586 1471 722 1534 ἔκδοτον
732 1466 862 1552 λοβῶν,
886 1473 932 1546 είς
941 1465 1006 1554 τὴν
1016 1476 1077 1536 τοῦ

121 1565 292 1645 παθόντος
301 1572 357 1654 βίῃ
368 1569 517 1647 πατρίδα.
540 1558 595 1648 ἀρ’
608 1563 650 1634 ού
661 1565 768 1632 πάντα
779 1580 909 1652 συγχεῖς
916 1565 1076 1651 τάνδρό-

122 1689 218 1748 πινα,
231 1666 286 1732 καὶ
297 1662 503 1750 ἀφαιρείτὴν
513 1664 684 1751 πρόφασιν
694 1662 773 1750 μεθ’
785 1658 825 1751 ἧς
835 1663 858 1751 ἦ
870 1665 975 1735 καλόν
985 1670 1076 1735 ἐστιν

80 1780 114 1831 50
122 1766 263 1833 ἕκαστον
273 1772 342 1831 τῶν
353 1769 460 1849 ἔργων
470 1759 493 1850 ἢ
504 1762 656 1850 αίσχρόνς
678 1761 776 1849 δρᾶτε
792 1762 857 1849 γάρ
870 1762 915 1845 ῶς
925 1768 978 1834 ἐπὶ
987 1765 1076 1833 πάν-

122 1890 204 1949 των,
228 1860 290 1930 οὐκ
307 1865 360 1930 ἐπὶ
376 1871 445 1931 τῶν
462 1872 614 1949 φονικῶν
629 1863 751 1948 μόνον,
777 1860 866 1930 ούτω
884 1861 977 1931 τοῦτ’
999 1868 1074 1950 ἔχει.

121 1961 165 2031 ἀν
177 1989 224 2040 τις
236 1962 342 2050 τύπτῃ
353 1959 444 2045 τινά,
467 1964 584 2047 φησιν,
602 1960 714 2047 ἀρχῶν
723 1970 845 2047 χειρῶν
856 1959 998 2048 ἀδίκων,
1019 1959 1074 2049 ῶς,

122 2073 155 2131 εί
162 2089 201 2148 γε
209 2060 374 2148 ἠμύνατο,
398 2058 585 2130 ούκάδικεϊ.
617 2060 660 2129 ἀν
670 2088 718 2139 τις
728 2069 838 2140 κακῶς
849 2057 1013 2150 ἀγορεύῃ,
1034 2059 1075 2129 τοὶ

121 2168 228 2250 ψευδῆ
240 2165 468 2248 προσέθηκεν,
487 2158 546 2247 ῶς,
566 2170 598 2228 εί
605 2187 643 2245 γε
653 2159 800 2246 τάληθῆ,
813 2168 993 2247 προσηκον.
1030 2159 1074 2228 ἀν

120 2292 167 2343 τις
179 2261 356 2352 ἀποκτείνῃ
368 2265 404 2328 ἐκ
415 2267 589 2347 προνοίας,
603 2258 663 2345 ῶς,
677 2269 709 2327 εί
716 2285 755 2343 γε
766 2256 875 2344 ἀκων,
887 2254 930 2325 οό
941 2254 1075 2329 ταύτόν.
1083 2263 1127 2319 636

120 2366 163 2432 ἀν
179 2392 227 2443 τις
244 2361 440 2450 καταβλάψῃ
458 2358 532 2427 τινὰ
554 2356 641 2426 ἕκῶν
658 2355 789 2435 ἀδίκως.
820 2364 993 2442 πανταχοῦ
1013 2356 1075 2442 τὴν

120 2463 291 2547 πρόφασιν
302 2467 505 2547 βεβαιοῦσαν
516 2455 554 2524 τό
568 2466 703 2543 πρᾶγμα
715 2455 909 2542 εὑρήσομεν.
945 2452 1020 2523 ἀλλ’
1032 2453 1073 2523 ού

120 2565 188 2646 σοί,
214 2557 286 2627 ἀλλ’
306 2555 434 2641 ἁπλῶς,
459 2557 557 2634 ἀντις
573 2553 751 2644 ἀποκτείνῃ
762 2558 972 2640 Χαρίδημον,
995 2551 1074 2639 ἀγέ-

120 2671 211 2737 σθω,
234 2654 299 2727 κάν
310 2657 419 2743 ἀκων,
440 2652 506 2724 κάν
517 2661 666 2734 δικαίως,
684 2651 749 2723 κάν
760 2652 989 2740 ἀμυνόμενος,
1007 2647 1072 2720 κάν

119 2760 173 2845 ἐφ’
187 2757 235 2837 οἷς
247 2758 398 2826 διδόασιν
409 2760 443 2824 oc
451 2755 562 2841 νόμοι,
574 2751 639 2823 κάν
651 2754 816 2825 ὁπωσοῦν.

76 2886 109 2935 51
202 2875 286 2958 Λέγε
300 2870 361 2938 τδν
372 2869 452 2957 μετά
463 2877 566 2938 ταῦτα
578 2871 690 2956 νόμον.

510 3047 685 3107 ΝΟΜΟΣ

245 3152 360 3243 [Φόνον
383 3156 415 3220 δε
432 3159 515 3232 δίκας
531 3183 572 3238 μη
561 3151 667 3220 εἶναι
683 3158 820 3255 μηδαμοῦ
837 3146 914 3216 κατά
930 3158 990 3216 τῶν
1004 3145 1073 3228 τούς

159 3242 321 3328 φεύγοντας
333 3237 552 3320 ἐνδεικνύντων,
565 3236 617 3304 ἐόν
626 3265 669 3313 τις
680 3242 765 3324 κατίῃ
776 3233 843 3302 ὅποι
857 3263 898 3319 μη
885 3231 1039 3318 ἔξεστιν]

194 3369 232 3438 0
250 3371 311 3456 μὲν
327 3367 430 3452 νόμος
447 3370 536 3435 ἐστὶν
557 3358 655 3445 οὗτος
670 3364 880 3453 Δράκοντος,
903 3390 930 3431 ω
918 3350 1072 3448 ἀνδρες

114 3466 300 3554 Ἀθηναῖοι,
328 3468 383 3533 καὶ
406 3468 439 3531 oc
459 3463 615 3549 ἀλλοιδὲ,
647 3463 748 3544 ὅσους
769 3469 804 3532 ἐκ
827 3472 896 3531 τῶν
918 3469 1072 3550 φονικῶν
