2370 3854
302 211 443 272 ΠΡΟΣ
461 208 835 271 ΝΛΤΣΙΜΑΧΟΝ.
983 205 1046 272 457

97 365 199 451 αὖθις
222 372 429 454 δικάζεσθαι,
455 375 574 456 νομίζω
600 371 662 455 μέν
684 367 833 447 ἅπαντας
853 366 940 455 ὑμᾶς
962 371 1047 436 είδέ-

96 498 169 556 ναι,
192 470 258 538 κάν
277 473 381 556 μηδὲν
403 477 484 536 είπω
509 470 583 551 περὶ
600 465 713 535 αὐτῶν
728 465 809 552 έγῶ,
831 468 996 555 βούλομαι
1012 464 1043 537 δ’

97 569 185 655 ὅμως
202 567 327 638 καὶτὸν
338 567 446 654 νόμον
462 564 543 653 ὑμίν
554 562 657 633 αὐτὸν
670 563 869 650 ἀναγνῶναι.
902 569 976 650 λέγε
987 564 1047 634 τὸν

97 669 213 754 νόμον.
906 718 908 722 1

475 754 652 816 ΝΟΜΟΣ.
1056 761 1109 817 986

71 881 88 932 5
178 861 344 948 Ἀκούετε,
366 855 530 951 ῶάνδρες
547 863 712 945 δικασταὶ,
734 868 796 928 τοὺ
805 860 915 947 νόμον
932 868 1047 946 σαφῶς
1156 928 1159 933 ,

95 967 249 1050 λέγοντος
258 964 389 1048 ἕκαστα,
402 954 451 1029 ῶν
461 960 506 1049 μὴ
518 959 602 1029 εἶναι
614 967 722 1039 δίκας·
740 952 789 1028 ῶν
798 961 837 1028 έν
847 956 1046 1045 έστιν,ὁμοί-
1161 1048 1164 1053 ι

96 1088 140 1142 ως
150 1077 217 1142 τοῖς
228 1061 341 1140 ἀλλοις
350 1060 481 1146 κόριον,
496 1063 571 1148 περί
581 1052 630 1128 ῶν
640 1058 683 1128 ἀν
695 1087 743 1138 τις
753 1057 823 1147 ἀφη
832 1059 887 1127 καλ
898 1057 1047 1126 ἀπαλλά·

95 1167 144 1250 ξη,
156 1160 201 1248 μὴ
212 1161 412 1242 δικάζεσθαι.
433 1158 522 1228 οὕτω
532 1166 649 1226 τοίνυν
659 1160 714 1226 καί
725 1155 805 1244 μετά
817 1164 951 1224 πολλῶν
960 1182 1045 1243 μαρ-

95 1261 208 1347 τύρων
218 1267 276 1347 τῆς
291 1258 440 1346 ἀφέσεως
455 1265 647 1343 γεγονυίας,
670 1259 725 1325 καὶ
745 1264 898 1342 φανεροῖς
916 1253 1045 1322 ἀπολό-

97 1384 193 1437 ουτος
207 1354 292 1444 ἡμᾶς
315 1363 376 1425 τοῦ
398 1355 522 1442 νόμου,
546 1364 593 1434 είς
613 1363 711 1423 τοῦτο
729 1355 932 1441 ἐληλύθασιν
948 1354 1046 1422 ἀναι-

69 1465 86 1518 6
96 1463 249 1541 σχνντίας
257 1448 351 1523 οὗτοι
362 1457 416 1522 καὶ
425 1454 547 1541 τόλμης
559 1452 643 1522 ῶστε
654 1455 820 1536 τεττάρων
825 1452 888 1537 μέν
899 1455 954 1521 καὶ
966 1456 1045 1520 δέκα

96 1558 180 1622 έτῶν
190 1556 421 1640 γεγενημένων
438 1551 494 1636 ἀφ’
508 1546 551 1620 οὗ
566 1551 627 1620 τόν
644 1556 767 1638 πατέρα
783 1552 879 1639 ἡμῶν
890 1549 1043 1637 ἀφεῖσαν,

96 1663 200 1721 είκοσι
217 1651 252 1720 δέ
268 1653 323 1719 καὶ
342 1656 438 1720 δυοίν
455 1648 509 1737 ἀφ’
530 1642 574 1719 οὗ
590 1655 791 1736 τυγχάνουσι
812 1654 1043 1737 γεγραμμένοι,

94 1749 360 1837 τετελευτηκότος
371 1751 407 1819 δὲ
420 1753 545 1818 καὶτοῦ
556 1747 680 1834 πατρός
690 1757 753 1817 τοῦ
762 1748 942 1837 ἡμετέρου,
961 1750 1044 1836 πρὸς

12 1896 17 1902 -
95 1844 134 1917 ὃν
145 1846 257 1928 αὐτοῖς
267 1853 420 1935 ἐγένοντο
433 1852 469 1916 αί
488 1853 679 1934 διαλλαγαὶ,
697 1852 752 1918 καί
768 1858 835 1917 τῶν
847 1850 1044 1936 ἐπιτρόπων,

94 1955 128 2016 οἳ
143 1947 224 2034 μετά
240 1946 302 2015 τόν
319 1952 449 2016 ἐκείνου
461 1946 613 2017 θάνατον
629 1957 697 2017 τῶν
712 1946 881 2036 ἡμετέρων
893 1951 1045 2035 έγένοντο

95 2046 215 2132 κύριοι,
239 2048 295 2113 καὶ
315 2055 373 2132 τῆς
393 2048 523 2115 έαυτῶν
544 2047 677 2132 μητρὸς,
699 2045 770 2132 ἡτις
791 2044 921 2113 ἅπαντα
942 2055 1046 2112 ταῦτα

93 2144 183 2232 ᾔδει,
206 2146 262 2209 καὶ
279 2147 454 2228 διαιτητῶν
470 2145 526 2210 καί
543 2144 723 2226 μαρτύρων
745 2146 801 2210 καὶ
825 2144 962 2209 πάντων
977 2150 1046 2208 τῶν

94 2248 257 2309 πλείστων
268 2238 313 2318 ῶς
325 2245 446 2325 εἰπεῖν,
464 2239 527 2326 τὴν
537 2239 698 2325 ἡμετέραν
710 2239 862 2324 ἀπειρίαν
873 2242 928 2306 καὶ
939 2237 1001 2324 τὴν
1011 2243 1044 2318 έξ

94 2337 240 2423 ἀνάγκης
250 2336 389 2422 ἄγνοιαν
399 2345 468 2405 τῶν
480 2341 723 2423 πεπραγμένων
735 2339 872 2423 ἕρμαιον
883 2344 1045 2423 νομίσαν·

93 2462 146 2515 τες
157 2438 285 2503 ἑαυτῶν
295 2432 355 2514 τάς
366 2439 460 2514 δίκας
472 2431 550 2524 ἡμῖν
560 2442 680 2522 έλαχον
695 2438 849 2520 ταυτασὶ,
867 2438 922 2504 καὶ
944 2437 1045 2521 λόγον

67 2532 171 2601 ἰὀότε
193 2538 322 2602 δίκαιον
343 2531 555 2620 οὔτ’έπιεικη
570 2540 714 2621 τολμῶσι
725 2537 842 2620 λέγειν.
874 2538 955 2620 φασί
980 2534 1045 2621 γάρ

94 2631 157 2701 οὐκ
169 2630 359 2701 ἀποδόσθαι
374 2629 415 2700 τά
433 2639 569 2722 πατρῷα
587 2625 637 2700 ῶν
652 2636 840 2719 ἐκομίζοντο
857 2634 1044 2720 χρημάτων,

69 2762 73 2767 ·
94 2729 170 2798 οὐδ’
183 2729 370 2818 ἀποστῆναι
380 2737 448 2798 τῶν
460 2730 584 2817 ὄντων,
609 2729 677 2799 ἀλλ’
689 2729 753 2799 ὅσα
770 2728 882 2810 αὐτοῖς
899 2739 1047 2801 κατελεί-

94 2840 168 2914 φθη
177 2833 257 2914 χρέα
267 2832 323 2898 καὶ
335 2831 437 2916 σκεόη
455 2832 511 2899 καὶ
522 2830 607 2910 ὅλως
623 2831 791 2919 χρήματα,
808 2831 906 2901 ταῦθ’
919 2834 1046 2902 ἑαυτῶν

93 2936 278 3012 γίγνεσθαι.
308 2926 371 3013 έγῶ
384 2927 417 2996 δ’
429 2926 493 2996 οἶδ’
513 2928 650 2999 ἀκούων
661 2929 713 2999 ότι
730 2930 794 3018 τὴυ
811 2933 930 3001 οὐσίαν
940 2939 1045 3009 Ξενο-

94 3032 213 3112 πείθης
223 3028 279 3092 καὶ
289 3027 527 3113 Ναυσικράτης
537 3025 673 3095 ἀπασαν
683 3032 763 3113 χρέα
780 3033 970 3109 κατέλιπον,
990 3028 1045 3093 καί

94 3122 247 3211 φανερῶν
265 3127 438 3211 ἐκέκτηντο
456 3125 580 3211 μικρόν
600 3151 689 3192 τινα·
720 3127 990 3210 εἰσπραχθέντων
1009 3123 1045 3188 δὲ

93 3234 161 3293 τῶν
176 3233 284 3311 χρεῶν
301 3232 360 3293 καί
372 3252 475 3293 τινων
492 3232 623 3292 σκευῶν
641 3226 859 3309 πραθέντων,
882 3220 971 3291 ἔπιδ’
983 3219 1046 3287 ἀν·

94 3325 288 3409 δραπόδων,
311 3326 368 3392 καὶ
382 3323 423 3391 τά
441 3329 543 3412 χωρία
560 3324 615 3390 καὶ
630 3319 690 3400 τάς
706 3327 878 3398 συνοικίας
889 3323 1044 3402 ἐπρίαντο

65 3426 127 3498 soc
141 3426 325 3508 ἐπίτροποι,
349 3418 370 3486 οἳ
387 3423 575 3508 παρέλαβον
592 3412 695 3489 οὗτοι.
729 3425 760 3488 εί
777 3423 840 3504 μὲν
860 3409 925 3484 οὖν
941 3415 1045 3503 μηδὲν
