2370 3854
188 201 251 267 370
390 204 497 262 XXXII.
521 201 937 262 ΔΗΜΟΣΘΕΝΟΥΣ

187 358 263 432 ὥστ’
276 359 340 429 οὐκ
350 361 495 448 ἐλήλυθε
505 362 629 447 μόνον,
650 359 734 429 ἀλλά
744 363 799 429 καὶ
809 370 872 429 τοῦ
880 372 976 430 σίτου
985 371 1049 431 τοῦ
1060 362 1146 454 ἡμε-

185 465 284 546 τίρου
295 458 546 547 ἀμφισβητήσας
556 458 636 547 ἡμῖν
647 464 743 545 δίκην
753 466 976 546 προσείληχεν.

143 580 178 633 10
275 567 317 628 Τί
324 553 389 628 οάν
399 558 473 626 ποτ’
487 562 554 627 ἐστὶ
564 557 602 627 τό
615 569 738 641 αίτιον,
756 562 867 649 καὶτῷ
878 557 945 629 ποτ’
960 564 1146 648 ἐπηρμένος

186 652 285 737 οὗτος
303 658 511 743 κατελήλυθε
531 660 586 723 καὶ
607 655 669 742 τήν
691 661 787 741 δίκην
804 665 949 743 είληχεν;
978 657 1043 742 ἐγώ
1062 656 1146 747 ὑμῖν

185 764 265 843 ἐρῶ,
285 757 405 842 ἀνδρες
417 756 583 838 δικασταί,
600 753 788 840 ἀχθόμενος
805 754 866 839 μὲν
883 754 925 841 νή
936 753 998 823 τόν
1008 760 1144 827 Alana

185 855 304 938 θεοὺς,
326 852 592 939 ἀναγκαζόμενος
611 855 656 919 δέ.
689 856 778 920 ἔστιν
795 853 994 939 ἐργαστήρια
1010 866 1143 942 μοχθη-

187 963 257 1038 ρῶν
275 952 471 1035 ἀνθρώπων
492 949 746 1036 συνεστηκότων
769 953 806 1018 ἐν
827 958 873 1039 τῷ
883 958 1048 1036 Πειραιεῖ·
1081 950 1142 1031 οὓς

144 1074 174 1126 11
186 1048 262 1119 οὐδ’
282 1047 376 1135 ὑμεῖς
393 1047 574 1136 ἀγνοήσετε
597 1047 734 1127 ίδόντες.
767 1053 802 1116 ἐκ
815 1049 946 1115 τούτων
955 1049 1032 1135 ἕνα,
1053 1048 1139 1138 ἡνίχ’

187 1142 285 1227 οὗτος
296 1153 454 1234 ἔπραττεν
466 1144 586 1233 όπαςή
604 1155 688 1225 ναῦς
699 1144 743 1233 μή
754 1144 1016 1214 καταπλεύσεται
1025 1152 1139 1234 δεῦρο,

186 1245 395 1332 πρεσβευτήν
422 1248 458 1313 ἐκ
485 1253 611 1333 βουλῆς
637 1272 711 1313 τινα
732 1245 945 1332 λαμβάνομεν
966 1245 1141 1333 γνώριμον

186 1343 320 1428 οὑτωσί,
331 1343 352 1412 ὅ
361 1370 393 1411 τι
404 1342 434 1412 δ’
444 1337 487 1430 ήν
499 1341 561 1410 οὐκ
573 1345 704 1425 εἰδότες,
718 1342 867 1429 ἀτύχημα
879 1340 979 1411 οὐδὲν
990 1348 1139 1430 ἔλαττον,

186 1450 217 1513 εί
226 1439 302 1512 οἷόν
312 1439 345 1510 τ’
358 1448 478 1525 εἰπεῖν,
498 1441 720 1529 ἀτυχήσαντες
735 1438 805 1528 ήτδ
820 1446 852 1522 ἐξ
865 1440 967 1529 ἀρχῆς
979 1460 1140 1532 πονηροῖς

184 1540 378 1626 ἀνθρώποις
400 1547 566 1627 συμμίξαι.
607 1534 705 1619 οὗτος
728 1538 746 1609 ὁ
768 1543 934 1626 πεμφθείς
952 1537 1009 1626 ὑφ’
1030 1539 1138 1629 ήμῶν,

181 1638 389 1725 Ἀριστοφοῐν
401 1639 508 1725 ὄνομα
525 1638 632 1729 αάτῳ,
651 1636 687 1717 ὃς
703 1641 758 1706 καί
773 1638 813 1707 τά
831 1647 891 1707 τοῦ
901 1647 1140 1721 Μικκαλίωνος

185 1738 361 1824 πράγματα
384 1740 609 1825 ἐσκευώρηται
630 1745 749 1823 (ταῦτα
771 1738 836 1825 γάρ
857 1748 923 1807 νῦν
944 1737 1139 1829 ἀκούομεν),

184 1834 417 1922 ἠργολάβηκεν
439 1834 539 1913 αὐτὸς
560 1838 615 1903 καί
637 1837 896 1923 κατεπήγγελται
917 1840 1054 1928 τουτῳί,
1084 1844 1140 1909 καί

186 1931 272 2010 ὅλας
290 1934 380 2000 ἐστίν
397 1929 415 1998 ὁ
433 1933 542 2000 πάντα
559 1933 714 2019 πράττων
730 1927 843 2015 οὗτος·
874 1935 926 2006 ὁδί
943 1938 979 2006 δὲ
996 1937 1140 2026 ἀσμενος

142 2059 174 2110 12
185 2035 335 2102 δέδεκται
346 2038 458 2098 ταῦτα.
481 2028 599 2115 δςγάρ
612 2032 769 2117 διήμαρτε
785 2043 848 2101 τοῦ
860 2039 1093 2124 διαφθαρῆναι
1101 2036 1138 2106 τό

184 2140 316 2214 πλοίου,
336 2127 399 2199 οὐκ
416 2135 500 2216 ἔχων
519 2128 704 2198 ἀποδοῦναι
720 2131 762 2199 τά
778 2134 928 2220 χρήματα
943 2147 1011 2213 τοῖς
1026 2139 1140 2204 δανεί-

182 2252 258 2299 σασι
268 2237 353 2317 (πῶς
361 2228 426 2314 γάρ
438 2226 459 2296 ἀ
470 2231 502 2309 ἐξ
514 2227 614 2316 ἀρχῆς
625 2228 669 2316 μή
682 2232 814 2300 ἐνέθετο
821 2230 1064 2315 ;)ἀυτιποιείται
1070 2241 1140 2303 τῶν

181 2327 369 2415 ἡμετέρων,
387 2331 442 2396 καί
462 2332 544 2414 φησὶ
560 2335 606 2416 τῷ
620 2326 827 2419 Ἡγεστράτῳ
845 2333 898 2398 ἐπί
907 2332 1014 2420 τούτῳ
1026 2341 1076 2423 τῷ
1086 2342 1139 2401 σί-

180 2452 226 2514 τῳ
247 2427 487 2511 δεδανεικέναι,
507 2423 548 2494 όν
568 2426 586 2492 ὁ
604 2426 678 2513 παρ’
698 2426 793 2514 ἡμῶν
811 2430 975 2496 ἐπιπλέων
990 2432 1136 2515 ἐπρίατο.

29 2542 33 2549 ’
118 2561 121 2569 ·
182 2527 217 2590 οί
236 2522 272 2590 δὲ
295 2525 463 2591 δανεισταί
482 2521 518 2590 τό
542 2526 574 2602 ἐξ
597 2521 698 2611 ἀρχῆς
718 2529 968 2613 ἐξηπατημένοι,
992 2525 1138 2613 ὁρῶντες

182 2623 310 2698 ἑαυτοῖς
321 2617 473 2686 άντίτοόν
489 2620 668 2706 χρημάτων
677 2622 862 2706 ἀνδραπον
884 2623 1035 2711 πονηρόν
1054 2626 1138 2714 χρή-

182 2740 275 2802 στην,
288 2716 368 2784 ἀλλο
382 2714 414 2782 δ’
429 2715 540 2801 οὐδὲν,
547 2721 663 2785 ἐλπίδα
675 2726 802 2804 ἔχοντες
813 2721 880 2791 ὑπό
891 2722 1015 2791 τούτου
1027 2748 1138 2813 παρα-

180 2816 420 2896 κρουσθέντων
431 2812 528 2900 ὑμῶν
538 2818 575 2883 ἐκ
591 2824 660 2884 τῶν
670 2815 837 2905 ἡμετέρων
850 2821 1085 2909 ἀπολήψεσθαι
1095 2824 1136 2893 τά

181 2915 319 3001 ἑαυτῶν,
331 2910 373 2981 δν
383 2922 474 2982 ίσασι
484 2912 693 3001 ψευδόμενον
703 2926 806 2986 ταῦτα
816 2920 893 2989 καθ’
903 2919 1015 3009 ήμῶν,
1026 2922 1135 3013 τούτῳ

182 3017 352 3082 συνδικεῖν
367 3009 609 3101 ἀναγκάζονται
630 3024 692 3084 τοῦ
707 3021 936 3104 συμφέροντος
954 3024 1053 3091 ἕνεκα
1073 3030 1136 3091 τοῦ

180 3114 319 3183 ἑαυτόν.

17 3266 20 3271 .
138 3228 172 3281 13
268 3208 312 3279 Τό
325 3215 387 3297 μὲν
402 3206 628 3302 οὖνπράγμα,
644 3211 729 3300 ὑπὲρ
748 3208 792 3283 οὗ
805 3215 868 3304 τήν
881 3227 997 3306 ψῆφον
1015 3228 1134 3305 otum,

182 3304 226 3386 ὥς
242 3314 346 3377 εἰπεῖν
363 3313 401 3378 ε’ν
417 3320 603 3404 κεφαλαίῳ,
624 3313 779 3383 τοιοῦτόν
801 3319 876 3384 ἐστι.
910 3316 1076 3404 βούλομαι
1097 3320 1134 3387 δὲ

176 3406 258 3487 τούς
274 3405 450 3493 μάρτυρας
466 3403 516 3479 τόν
532 3419 618 3497 λέγω
636 3420 769 3498 πρῶτον
779 3412 859 3500 ὑμίν
871 3416 1131 3503 παρασχόμενος,
