2370 3854
167 189 229 254 426
351 191 473 249 xxxvl.
509 185 925 247 ΔΗΜΟΣΘΕΝΟΥΣ

167 348 263 438 ὑμῖν·
284 378 352 418 τον
373 350 409 418 δὲ
430 347 554 433 λήξειεν
573 343 702 412 τούτων
719 342 945 429 ἀναγνώσεται
961 342 1041 432 ὑμῖν
1057 338 1118 425 τάς

167 455 356 535 μαρτυρίας.
377 448 457 533 λαβὲ
468 445 526 522 τὰς
535 448 716 530 μαρτυρίας
727 468 792 528 μοι.

509 579 768 641 ΜΑΡῚῬΡΙΛΙ.

250 687 387 757 Οὐκοῦν
395 687 574 765 ἰνταύταις
581 699 652 764 ταῖς
660 685 791 771 λήξεσιν
801 682 1011 772 ὡμολόγηκεν
1020 684 1115 753 ἀπει-
1123 705 1173 758 951

164 790 305 874 ληφέναι
323 783 363 852 τά
380 793 442 853 τοῦ
458 782 581 868 πατρὸς
596 784 788 869 γράμματα·
811 780 852 852 οὐ
869 782 933 870 γάρ
952 783 992 870 δῆ
1010 803 1114 852 συκο-

164 897 302 971 φαντεῖν
319 909 372 968 γε,
396 881 470 950 οὐδ’
489 874 538 949 οἷν
555 879 618 949 οάκ
640 879 786 965 ὄφειλον
807 873 901 950 οὗτοι
921 882 1113 962 δικάζεσθαι

164 983 302 1067 φήσειεν
313 980 365 1048 ἀν.

121 1105 156 1157 ης
247 1084 380 1165 Νομιῒοι
391 1085 523 1161 τοίνυν,
537 1069 694 1162 άάνδρες
702 1075 881 1164 Ἀθηναῖοι,
894 1073 1047 1164 μεγάλων
1056 1081 1113 1146 καὶ

163 1186 297 1246 πολλῶν
313 1176 422 1245 ὅντων
438 1179 470 1254 ἐξ
488 1167 536 1242 οἷν
554 1180 644 1243 ἔστιν
661 1180 745 1244 ἰδεῖν
755 1173 817 1244 οὐκ
829 1174 1009 1243 ἀδικοῦντα
1020 1182 1113 1261 Φορ-

163 1282 269 1361 μίυνα
281 1276 423 1358 τουτονὶ,
436 1275 591 1359 μέγιστον
600 1271 760 1342 ἀπάντων
772 1272 864 1356 εἶναι,
877 1272 928 1341 ὅτι
933 1280 1111 1360 Πασικλῆς,

161 1370 305 1459 ἀδελφάς
321 1371 629 1453 ἀνἈπολλοδάρου
645 1374 797 1456 τουτουὶ,
819 1369 896 1440 οὔτε
915 1374 1011 1459 δίκην
1023 1379 1113 1458 εἰλη-

161 1498 219 1558 χεν
229 1470 302 1539 οὔτ’
315 1469 389 1539 ἀλλ’
402 1468 502 1539 οὐδὲν
514 1461 563 1537 ὦν
574 1462 673 1548 οὗτος
681 1473 817 1553 ἐγκαλεῖ.
838 1475 943 1537 καίτοι
952 1467 994 1536 οὐ
1003 1468 1111 1556 δήπου

160 1567 220 1637 τὸν
236 1569 299 1655 μὲν
309 1571 409 1636 παῖδα
420 1564 486 1634 ὑπὸ
498 1574 558 1634 τοῦ
569 1567 691 1651 πατρὸς
701 1570 980 1655 καταλειφθέντα,
1001 1569 1055 1635 καλ
1067 1559 1111 1635 οὗ

160 1675 229 1735 τῶν
240 1666 349 1734 ὄντων
358 1666 473 1749 κύριος
481 1658 536 1752 ῆν,
547 1669 721 1751 ἐπίτροπος
731 1671 1035 1752 καταλελειμμένος,
1046 1664 1111 1733 οάκ

161 1761 337 1851 ἀνῆδίκει,
355 1763 454 1847 σὲδὲ,
476 1761 513 1842 ὃς
523 1761 608 1849 ἀνὴρ
619 1770 838 1850 κατελείφθης
847 1766 984 1846 τέτταρα
994 1765 1050 1831 καὶ
1061 1773 1109 1832 εί-

160 1883 257 1930 κοσιν
273 1869 328 1947 ἔτη
338 1860 499 1946 γεγονώς,
522 1865 577 1928 καὶ
588 1860 671 1946 ὑπὲρ
683 1869 809 1929 σαυτοῦ
820 1865 942 1950 ῥηιδίως
952 1857 996 1929 ἀν
1004 1859 1044 1930 τά
1057 1865 1109 1928 δί-

160 1985 237 2028 καια
256 1958 437 2044 ἐλάμβανες
454 1956 577 2043 εὐθὺς,
600 1968 632 2026 εἰ
644 1984 675 2025 τι
687 1957 814 2044 ἠδικοῦ.
837 1957 900 2027 οὐκ
911 1966 979 2028 ἰστι
993 1968 1106 2028 ταῦτα.

160 2056 205 2137 άς
225 2063 341 2125 τοίνυν
360 2054 454 2125 ταῦτ’
479 2053 591 2142 ἀληθῆ
611 2059 696 2142 λέγω
717 2054 800 2125 καίὁ
817 2065 987 2145 Πασικλῆς
1006 2055 1108 2127 οὐδὲν

158 2160 301 2242 ἐγκαλεῖ,
313 2157 396 2242 λαβέ
403 2181 459 2243 μοι
469 2153 530 2240 τῆν
540 2155 662 2223 τούτου
673 2164 868 2242 μαρτυρίαν.

510 2291 750 2353 ΜΛΡΤῬΡΙΛ.

115 2409 151 2465 23
236 2393 276 2462 “A
284 2403 400 2465 τοίνυν
414 2397 478 2483 ἤδη
494 2401 568 2482 περὶ
585 2396 692 2466 αὐτοῦ
701 2407 763 2466 τοῦ
772 2397 817 2484 μῆ
828 2397 1048 2485 εἰσαγώγιμον
1058 2395 1106 2464 εἰ·

159 2521 214 2560 ναι
232 2492 294 2579 τῆν
313 2498 409 2581 δίκην
425 2500 478 2563 δεῖ
492 2510 628 2564 σκοπεῖν
639 2494 742 2581 ἀμάς,
764 2491 857 2562 ταῦτ’
870 2494 1105 2581 ἀναμνήσθητε

157 2595 271 2660 ἐκτῶν
282 2595 470 2678 εἰρημένων.
492 2591 584 2680 ἡμείς
593 2591 674 2679 γάρ,
687 2586 715 2660 ἀ
728 2590 1034 2677 ἀνδρεςἏθηναίοι,
1047 2618 1105 2675 γε-

155 2694 340 2774 γενημένου
356 2690 419 2775 μὲν
430 2693 646 2776 διαλογισμοῦ
656 2692 710 2757 καί
721 2688 869 2773 ἀφέσεως
878 2695 936 2771 τῆς
946 2691 1104 2774 τραπέζης

156 2788 211 2853 καὶ
227 2793 289 2850 τοῦ
305 2783 565 2870 ἀσπιδοπηγείου
579 2795 637 2871 τῆς
652 2787 863 2870 μισθώσεως,
885 2789 1104 2874 γεγενημένης

157 2882 193 2950 δὲ
215 2886 339 2968 διαίτης
361 2884 417 2951 καί
436 2882 537 2949 πάλιν
553 2882 689 2949 πάντων
705 2879 869 2967 ἀφέσεως,
892 2880 954 2950 οὐκ
970 2885 1103 2953 ἐώντων

112 2989 223 3057 νλτῶν
238 2981 353 3069 νόμων
371 2985 464 3060 δίκας
475 2971 523 3048 ἀν
534 2975 578 3048 ἀν
589 2977 661 3069 ἀφῇ
671 3007 719 3060 τις
730 2979 816 3060 ἅπαξ
827 2979 1018 3066 λαγχάνειν,
1041 3002 1104 3048 συ-

156 3088 405 3168 κοφαντοῦντος
413 3078 534 3149 τούτου
544 3077 696 3163 καλπαρά
707 3076 785 3157 τούς
796 3077 922 3164 νόμους
932 3081 1103 3163 δικαζομέ-

155 3206 219 3249 νου
234 3178 520 3265 παρεγραψάμεθα
532 3182 646 3246 ἐκτῶν
657 3177 772 3263 νόμον
783 3173 828 3262 μῆ
841 3173 925 3243 εἰναι
934 3171 997 3260 τῆν
1005 3179 1101 3260 δίκην

155 3277 382 3364 εἰσαγώγιμον.
415 3275 461 3344 ἵν’
480 3269 545 3345 οὖν
561 3273 669 3363 εἰδῆθ’
687 3271 774 3359 ὑπὲρ
793 3264 835 3342 οὖ
850 3273 912 3360 τῆν
923 3279 1039 3359 ψῆφον
1050 3281 1102 3341 οἰ-

154 3392 242 3460 σετε,
264 3376 374 3444 τόντε
391 3375 497 3462 νόμον
514 3373 594 3461 ὑμίν
608 3382 730 3443 τοῦτον
739 3371 967 3457 ἀναγνώσεται
977 3371 1032 3440 καὶ
1042 3367 1101 3440 τάς
