2370 3854
282 215 429 279 ΚΑΤΑ
450 215 855 278 ΑΝΔΡΟΤΙΩΝΟΣ.
984 213 1045 277 135

91 377 153 448 τόν
164 377 283 465 καιρδν
294 374 329 456 δς
346 369 391 464 ἦν
401 372 470 445 τότ’
484 380 569 461 έχων
585 378 755 460 ἐξουσίαν,
774 388 842 453 τοῖς
858 373 919 461 μέν
936 379 1042 462 κειμέ-

93 504 166 566 νοις
177 477 291 562 νόμοις
307 478 384 559 περὶ
399 473 531 544 τούτων
542 471 605 542 οὐκ
623 471 704 563 η’έετο
719 477 789 541 δεῖν
798 481 945 559 χρῆσθαι
956 472 1043 561 οὐδ’,

93 582 125 644 εἰ
133 573 178 662 μή
193 574 333 652 τούτους
344 570 495 658 ἐνόμιζεν
506 569 660 658 ἰκανοδς,
680 573 811 658 ἑτέρους
821 575 967 659 τιθέναι,
979 587 1045 660 ψη·

95 681 242 760 φίσματα
254 670 286 739 δ’
300 671 392 763 εἰπεν
407 675 444 739 έν
460 669 542 758 ύμῖν
555 670 647 740 δεινοὶ
659 673 715 739 καὶ
725 671 920 759 παράνομα,
943 671 981 740 δι’
996 667 1046 740 άυ

91 770 274 859 ἠργολάβει
290 772 345 838 καὶ
369 767 478 838 πολλά
496 777 565 839 τῶν
592 768 763 857 ὑμετέρων
785 774 945 859 κέκλοφε,
967 773 1046 851 τούς

48 887 84 938 50
93 873 211 938 ἕνδεκα
221 868 352 955 γράψας
361 865 642 957 άιιολουδείνμεδ
656 871 788 938 ἑαυτοῦ.
809 868 861 938 εἰτ’
870 870 1046 956 ἔχωντού-

92 995 171 1046 τους
187 960 268 1054 ἦγεν
285 970 338 1037 έπί
355 966 414 1047 τὰς
430 975 499 1035 τῶν
516 976 662 1038 πολιτῶν
677 975 792 1049 οἰκίας.
825 972 881 1039 καὶ
899 970 962 1040 τὸν
983 971 1046 1056 μέν

93 1066 311 1154 Εὐκτήμονα,
335 1063 377 1135 δν
393 1067 581 1154 εἰσπράξειν
597 1063 620 1154 ἢ
637 1069 843 1155 καταθήσειν
865 1066 964 1148 αύτδς
981 1075 1044 1156 ἔφη

85 1166 152 1246 τὰς
163 1168 333 1254 εἰσφοράς,
345 1163 446 1236 οὐδὲν
457 1166 543 1252 εἶχεν
554 1170 696 1252 ἐλέγχειν
707 1171 783 1253 περὶ
798 1168 946 1252 τούτων,
958 1165 1046 1255 ύμολς

95 1264 127 1332 δ’
140 1269 361 1352 εἰσέπραττεν,
376 1264 487 1351 ύσπερ
500 1262 541 1334 ού
555 1265 609 1332 διά
620 1263 682 1351 τήν
692 1263 908 1352 Εὐκτήμονος
919 1272 1045 1352 ἔχθραν

48 1382 83 1433 51
95 1368 147 1432 ἐπὶ
157 1374 261 1431 ταῦτα
272 1362 403 1448 ἐλθόν,
420 1361 505 1431 άλλδ
523 1360 578 1429 διά
590 1360 654 1449 τήν
664 1361 835 1449 ὑμετέραν.
868 1367 922 1433 καί
933 1370 1045 1451 μηδεὶς

94 1460 358 1546 ὑπολαμβανέτω
369 1487 410 1547 με
421 1464 531 1547 λέγειν
542 1457 587 1538 εἱς
603 1458 645 1528 ού
655 1469 740 1547 χρῆν
751 1462 957 1549 εἰσπράττειν
967 1463 1046 1542 τούς

94 1558 299 1644 ὀφείλοντας.
322 1563 407 1645 χρῆν
417 1557 492 1644 γάρ.
515 1555 598 1626 άλλά
609 1568 679 1640 πῶς
685 1588 695 1642 3
707 1557 751 1639 ὡς
762 1559 780 1628 ό
793 1559 897 1647 νόμος
907 1562 1045 1646 κελεύει,

94 1665 163 1724 τῶν
176 1655 288 1725 άλλων
299 1657 412 1726 ἕνεκα·
434 1664 534 1726 τούτο
546 1657 609 1746 γάρ
621 1662 689 1727 ἐστι
708 1658 896 1745 δημοτικόν.
929 1655 970 1726 ού
980 1659 1044 1744 γάρ

94 1763 273 1841 τοσούτου,
297 1747 323 1823 ά
340 1754 459 1843 άνδρες
472 1753 660 1845 Ἀθηναῖοι,
682 1757 853 1826 τοσούτων
868 1757 1046 1844 χρημάτων

93 1862 215 1923 τούτου
230 1852 291 1922 τόν
307 1855 433 1943 τρόπον
456 1858 726 1943 εἰσπραχθέντων
750 1853 940 1944 ὠφέλησθε,
963 1856 1046 1925 ὅσον

95 1956 276 2040 ἐζημίωσθε
286 1953 448 2022 τοιούτων
458 1957 550 2022 §adv
562 1961 607 2032 εἰς
616 1951 678 2041 τὴν
695 1961 861 2023 πολιτείαν
873 1957 1045 2041 εἰσαγομέ-

95 2077 174 2118 νων.
203 2057 234 2119 εἰ
248 2049 314 2138 γάρ
323 2052 461 2123 ἐθέλοιτ’
475 2055 625 2133 ἐξετάσαι
633 2064 723 2132 τίνος
743 2055 841 2121 ἕνεκα
858 2062 986 2140 μάλλον
1001 2054 1045 2122 άυ

93 2175 141 2244 τις
153 2152 259 2219 ἕλοιτο
271 2154 308 2218 έν
320 2156 524 2239 δημοκρατίᾳ
537 2148 626 2238 ζήνή
637 2154 674 2219 έν
686 2148 873 2239 ὀλιγαρχίη,
895 2150 988 2219 τοῦτ’
1001 2147 1045 2218 άν

95 2245 224 2333 εὕροιτε
241 2249 516 2334 προχειρότατον,
541 2249 591 2315 ότι
607 2249 716 2315 πάντα
732 2247 884 2333 πραότερ’
903 2252 991 2317 ἐστὶν
1007 2255 1045 2318 έν

51 2367 86 2418 52
97 2351 310 2432 δημοκρατία.
345 2345 396 2412 ότι
413 2345 474 2431 μὲν
491 2352 608 2412 τοίνυν
624 2353 682 2431 τῆς
694 2345 780 2413 ὅπου
794 2347 962 2432 βούλεσθε
974 2345 1105 2422 &kt-609

95 2449 231 2528 γαρχίας
242 2433 340 2521 οὗτος
360 2440 593 2531 άσελγέστερος
605 2448 734 2532 γέγονε,
748 2452 949 2531 παραλείψω.
985 2443 1044 2512 άλ-

95 2543 137 2611 λολ
149 2541 223 2627 παρ’
234 2539 314 2629 ἡμῖν
325 2542 405 2612 τότε
415 2541 549 2612 πάποτε
560 2543 731 2612 δεινότατα
741 2547 778 2612 έν
787 2551 828 2631 τῇ
839 2543 933 2613 πόλει
948 2546 1046 2629 γέγο-

99 2670 170 2724 vem
193 2644 246 2711 έπί
257 2651 327 2710 τῶν
336 2644 525 2729 τριάκοντα,
540 2643 663 2722 πάντες
674 2639 718 2711 άυ
729 2653 859 2711 εἰποιτε.
886 2643 961 2711 τότε
976 2651 1046 2710 τοί·

100 2768 172 2829 νυν,
186 2738 231 2820 ύς
241 2745 331 2810 ἔστιν
344 2738 492 2829 ύκούειν,
512 2739 623 2821 ούδείς
634 2748 724 2810 ἔστιν
735 2740 825 2820 ὅστις
836 2741 1045 2823 άπεστερείτο

97 2847 159 2906 τού
170 2847 333 2925 σωθῆναι,
346 2838 436 2920 ὅστις
448 2839 568 2910 ἑαυτὸν
579 2835 666 2910 οἰκον
677 2840 851 2927 κρύψειεν,
870 2838 953 2908 άλλδι
964 2848 1045 2909 τού-

100 2966 133 3006 το
145 2947 397 3026 κατηγοροῦμεν
406 2947 475 3007 τῶν
485 2941 678 3026 τριάκοντα,
698 2937 749 3007 ότι
759 2939 839 3017 τούς
849 2941 885 3006 έκ
896 2947 953 3025 τῆς
963 2936 1046 3022 ἀγο-

98 3046 158 3123 ρᾶς
170 3035 291 3117 άδίκως
309 3036 447 3126 άπῆγον.
482 3031 580 3119 οὗτος
596 3045 712 3108 τοίνυν
722 3036 890 3123 τοσαύτην
899 3035 1046 3121 ύπερβο-

98 3139 160 3224 λήν
171 3137 348 3222 ἐποιήσατο
367 3141 505 3208 ἐκείνων
525 3147 583 3225 τῆς
600 3137 706 3207 αύτού
725 3141 901 3224 βδελυρίας
917 3131 998 3203 ὥστ’
1010 3137 1047 3201 έν

98 3236 633 3324 δημοκρατίαπολιτευόμενοςτήν
641 3241 844 3304 ἰδίανοίκίαυ
852 3232 977 3323 ἑκάστω
990 3239 1048 3302 δε-

98 3333 286 3421 σμωτήριον
298 3344 456 3424 καθίστη,
467 3334 547 3415 τούς
557 3338 676 3404 ἕνδεκα
689 3333 781 3420 άγων
798 3334 850 3401 ἐπὶ
863 3330 922 3411 τάς
932 3338 1045 3411 οἰκίας.

53 3454 89 3508 53
98 3441 215 3521 καίτοι,
228 3426 256 3501 ά
267 3433 387 3521 άνδρες
395 3434 575 3524 Ἀθηναῖοι,
587 3441 621 3504 τί
629 3443 753 3521 οἰεσδε,
767 3429 858 3501 ὁπότ’
866 3429 1047 3517 άνδρωπος
