2370 3854
50 189 54 199 '
142 209 204 273 τοο
341 212 436 270 xx1v.
474 206 892 269 ΔΗΜοΣοοΝονΣ

184 371 252 438 ύποι
273 369 314 456 μὴ
338 367 407 458 χρὴ,
429 368 582 453 δησάντων
604 364 695 434 αὐτὸν
717 372 749 433 οί
767 371 871 433 ἕνδεκα
888 373 938 434 καὶ
959 371 1091 456 είσαγύν-

183 483 243 521 των
263 461 303 532 είς
322 457 377 539 τὴν
393 453 528 540 ἡλιαίαν,
551 456 744 538 κατηγορείτω
765 452 797 517 δὲ
817 448 833 518 ὁ
855 451 1030 559 βουλόμενος
1048 454 1093 535 οἷς

184 544 300 619 ἔξεστιν.
335 536 387 604 ἐάν
398 535 427 604 δ’
441 535 519 627 ἀλρδ,
541 564 569 602 τι
602 535 652 602 ’ω
671 532 692 621 ἡ
708 532 809 621 ἡλιαία
820 533 842 604 ,δ
863 563 891 603 τι
907 565 962 622 χρη
979 549 1093 605 παθεῖν

184 619 304 772 αύτὲινῆ
315 620 461 688 ἀποτῖσαι.
485 619 537 687 ἐάν
548 626 567 685 δ
591 615 734 707 ἀργυρίου
745 628 873 708 τιμηθῇ,
896 625 1027 691 δεδέσθω
1038 627 1092 702 ἕως

183 705 222 772 ἀν
252 712 356 796 κτίση]

82 874 130 931 106
216 856 352 944 Ὅμοιός
361 882 418 942 γε,
442 852 577 940 ούγάρς
594 846 753 938 ἀάνδρες
768 853 953 943 Ἀθηναῖοι,
970 858 1092 929 Σόλων

141 961 327 1043 νομοθέτης
343 959 398 1024 καλ
412 951 625 1040 Τιμοκράτης.
659 950 677 1020 ὁ
695 956 758 1038 μέν
774 980 813 1040 γε
830 957 885 1023 καλ
900 954 980 1036 τοὺς
992 955 1093 1039 ὄντας

141 1063 292 1142 βελτίους
307 1067 395 1122 ποιεῖ
412 1053 468 1120 καί
484 1052 562 1130 τούς
577 1055 756 1137 μέλλοντας
773 1057 923 1120 ἔσεσθαι·
946 1051 965 1122 ὁ
984 1057 1019 1122 δὲ
1036 1061 1094 1128 καὶ

141 1168 208 1233 τοῖς
219 1155 450 1240 γεγενημένοις
461 1164 634 1238 πονηροῖς,
657 1148 747 1229 ὅπως
762 1149 807 1238 μη
826 1151 973 1220 δώσουσι
984 1157 1092 1244 δίκην,

142 1249 225 1320 ὁδὸν
243 1257 408 1336 δείκνυσι,
430 1252 570 1328 καὶτοῖς
587 1243 685 1318 ούσιν
700 1249 791 1330 ὅπως
808 1251 903 1320 ἀδεια
918 1254 1092 1341 γενήσεται

141 1366 342 1438 κακουργεῖν
350 1348 506 1440 εὑρίσκει,
518 1351 574 1418 καλ
584 1362 652 1428 τοῖς
662 1351 841 1434 μέλλουσιν
851 1356 1003 1436 ἔσεσθαι,
1014 1347 1096 1432 τούς

141 1455 174 1531 ίξ
185 1449 343 1519 ἁπάντων
354 1459 422 1517 τοῖν
432 1448 564 1536 χρόνων
575 1445 763 1534 πονηρούς,
786 1443 876 1525 ὅπως
897 1451 1029 1514 ἔσονται
1049 1454 1100 1537 σῷ

82 1564 131 1620 107
141 1552 196 1617 καὶ
218 1553 322 1635 μηδὲν
345 1555 530 1633 πείσονται,
551 1546 819 1632 παρασκευάζων.
853 1555 959 1616 καίτοι
977 1547 1036 1618 τίν’
1050 1545 1096 1618 ἀν

140 1646 235 1728 ἀξίαν
246 1651 336 1733 δοίης
349 1650 446 1732 δίκην
455 1640 479 1731 η’
484 1652 518 1713 τί
525 1645 569 1713 σύ
579 1642 702 1712 παίδων
713 1639 758 1712 ἀν
767 1643 807 1712 τά
819 1643 1015 1735 προσήκοντ’
1025 1656 1096 1735 είης

140 1744 328 1830 πεπονθώς,
341 1742 434 1832 δς,τά
446 1744 508 1830 μὲν
518 1743 603 1812 ἀλλα
614 1746 668 1830 ἐῶ,
676 1741 758 1812 ἀλλά
769 1744 848 1824 τούς
856 1755 904 1838 τῷ
913 1745 999 1836 γήρᾳ
1009 1755 1095 1834 βοη-

142 1843 226 1923 θούς
236 1851 397 1931 λυμαίνει,
409 1849 444 1911 ολ
452 1846 507 1912 καὶ
517 1849 640 1924 ζῶντας
650 1840 872 1929 ἀναγκάζουσι
883 1843 963 1924 τούς
973 1850 1095 1925 παῖδας

139 1940 508 2028 τοάςγονέαςτρέφειν,
525 1943 581 2010 καλ
597 1941 731 2010 ἐπειδάν
746 1942 982 2030 ἀποθάνωσιν,
1002 1944 1095 2025 ὅπως
1115 1992 1119 2001 -

140 2049 207 2108 τῶν
222 2042 448 2128 νομιζομένων
465 2040 605 2127 τύχωσι,
629 2042 954 2125 παρασκευάζουσινς
981 2039 1005 2129 ἦ
1021 2051 1095 2126 πῶς

140 2137 182 2206 ού
206 2140 360 2219 κάκιστος
383 2136 543 2208 ἀπάντων
563 2137 757 2224 ἀνθρώπων
778 2146 910 2221 δικαίως
932 2138 975 2209 ἀν
995 2149 1132 2230 νομί-λλ

139 2242 222 2324 ζοιο,
245 2236 352 2324 ὅστις,
375 2231 404 2308 ἀ
419 2238 597 2325 κατάρατε,
622 2243 698 2325 περὶ
715 2248 866 2320 πλείονος
884 2247 996 2327 φαίνει
1012 2243 1094 2324 τούς

138 2341 278 2416 κλέπτας
295 2340 351 2404 καί
366 2335 445 2418 τούς
464 2338 672 2426 κακούργους
689 2341 745 2406 καί
759 2340 838 2418 τούς
849 2338 1094 2426 ἀστρατεύτους

137 2442 196 2521 τῆς
210 2442 367 2521 πατρίδος
383 2438 597 2522 ποωύμενος,
620 2438 675 2504 καί
686 2434 741 2503 διά
752 2437 892 2516 τούτους
904 2436 981 2506 καθ’
994 2436 1093 2526 ἡμῶν

136 2533 361 2618 νόμοντίθης;

75 2657 127 2711 108
221 2632 390 2718 Βούλομαι
401 2639 516 2701 τοίνυν
527 2631 623 2720 ύμῖν,
645 2631 668 2701 δι’
678 2632 869 2721 ὑπεσχόμην
885 2638 923 2703 ίυ
934 2634 1020 2727 ἀρχῇ
1030 2647 1094 2707 τοῦ

136 2729 250 2814 λόγου,
260 2728 525 2815 ἀπολογίσασθαι
537 2733 739 2818 πεποιηκότα
748 2732 901 2818 ἐμαυτόν.
926 2740 1013 2821 ἔφην
1024 2735 1092 2823 γάρ

137 2825 242 2895 αύτδν
260 2830 438 2913 ἐξελέγξειν
455 2826 540 2896 κατά
557 2831 667 2899 πάντα
676 2836 795 2919 ἔνοχον
813 2831 894 2900 ὄντα
910 2841 952 2923 τῇ
962 2845 1089 2926 γραφῇ,

136 2926 341 3014 πρῶτονμὲν
352 2925 442 3013 παρά
452 2930 532 3008 τούς
549 2929 675 3017 νόμους
689 2941 957 3022 νομοθετοῦντα,
973 2935 1092 3004 δεύτε-

136 3052 198 3111 ρον
211 3028 247 3094 δὲ
258 3023 441 3095 ὑπεναντία
451 3041 519 3108 τοῖς
530 3021 607 3097 ούσι
617 3030 733 3116 νόμοις
750 3032 958 3117 γεγραφότα,
976 3038 1092 3116 τρίτον

136 3123 172 3191 δὲ
182 3133 319 3192 τοιαῦτα
331 3123 370 3192 δι’
384 3118 433 3194 οἷν
444 3127 582 3215 βλάπτει
593 3128 656 3215 την
666 3128 772 3197 πόλιν.
801 3127 930 3199 ούκοῦυ
940 3127 1090 3216 ἀκούσα-

134 3229 252 3290 τετῶν
262 3220 393 3309 νόμων,
416 3221 438 3290 ἀ
453 3224 628 3295 κελεύουσι
645 3238 754 3294 ποιεῖν
764 3226 824 3296 τδν
834 3228 970 3297 τιθέντα
981 3227 1091 3316 νόμον

136 3321 273 3389 καινόν·
305 3323 361 3390 καί
389 3324 490 3394 πάλιν
520 3322 606 3412 ὑμᾶς
634 3327 764 3406 ἐδίδαξα
786 3325 838 3395 ὅτι
858 3327 989 3395 τούτων
1009 3325 1087 3397 οὐδ’

74 3431 125 3488 109
133 3410 250 3486 δτιούυ
259 3422 413 3507 ἐποίησεν
424 3415 531 3503 οὗτος.
551 3425 607 3492 καὶ
618 3422 686 3512 μην
697 3423 862 3495 κάκείνων
871 3424 1010 3514 ἠκούετε
1020 3434 1090 3498 τῶν
