2370 3854
201 260 220 318 2
402 263 459 317 ΧΧ
492 258 913 322 ΔΗΜΟΣΘΕΝΟΤΣ

200 425 250 485 τιαὶ
262 426 385 526 τιμωρία
402 417 528 523 χρόφων
545 446 588 495 τις
599 417 705 524 νόμον,
728 423 862 525 ἐφαίνετο
863 428 1019 529 Λεπτίνης
1030 420 1153 530 6661166·

200 530 265 580 νος·
283 505 357 571 οθεν
365 527 438 586 προς
448 529 547 606 αυτον,
560 498 620 566 ἀλλ’
633 498 735 609 ρόνατ
734 498 979 610 ’μότοῦὁλόγος
1001 505 1093 589 ηδδ
1076 535 1152 574 νπο

198 598 281 664 θεσις
292 585 383 696 ρότως
394 589 459 669 ἔχει.
494 580 652 668 σόνηθες
631 613 671 670 ην
681 612 717 675 τη
704 585 859 651 Ηπόλει
819 615 878 653 των
886 585 1055 671 Ἀθηναίων
1064 601 1154 695 τιμᾶν

198 697 265 747 τους
272 668 424 777 εὐεργέτας
440 668 564 751 μάλιστα
580 678 701 772 6066663
712 697 763 734 και
754 670 927 780 διαφόροις
937 683 1034 755 τιμαῖς
1051 679 1102 739 καλ
1114 674 1152 761 66

198 759 249 821 καλ
260 750 382 842 σίτελείηι.
403 760 520 818 πολλῶν
530 755 563 818 66
573 751 734 857 εἰληφότων
744 757 795 817 καὶ
806 751 903 820 όστιῖν
913 758 964 820 καλ
973 759 1074 838 ξένων,
1086 762 1151 824 666-

198 847 305 921 λειψαν
316 865 345 903 οι
336 818 614 939 λειτουργήσαντες
623 838 674 939 νηὶ
685 834 735 900 διδι
745 846 829 902 τοῦτο
840 834 942 920 σχεδὸν
952 849 1010 905 τοῖν
1021 848 1149 927 λειτουρ-

197 930 271 1032 7666
280 922 509 1029 περιισταμένων
520 923 611 996 είς
565 946 632 994 τους
644 915 784 1026 ἀπόρους,
789 927 939 1028 Λεπτίνης
947 931 1006 987 τῶν
1015 932 1149 1028 πολιτεη-

198 1009 310 1088 ομένων
321 1002 422 1112 6v66
409 999 465 1069 οόκ
476 999 616 1106 ἀδόκιμος
627 1002 784 1107 ἔγραφ’
749 1030 840 1084 νομον
850 1001 949 1081 αὐτοῖς
960 1004 1134 1089 ῥήμασιν’
1097 1034 1148 1072 ον-

190 1114 252 1193 της
263 1093 373 1172 ἔχοντα,
406 1086 485 1163 όπως
496 1084 535 1151 61¹
546 1092 578 1151 ολ
591 1085 802 1151 πλουσιώτατοι
813 1096 1014 1191 λειτουργοῖσι,
1036 1094 1150 1200 μηδένα

190 1167 300 1277 :6166
311 1171 387 1237 εἶναι
387 1167 471 1275 πλην
480 1179 541 1235 τῶν
551 1166 595 1251 ἆφ
594 1166 774 1273 ’Ἁρμοδίου
786 1167 854 1234 ναῖ’
848 1178 1086 1275 Λριστογείτονος
1097 1177 1148 1237 καὶ

191 1252 272 1321 ‘⁸666
282 1251 395 1320 ἐννέα’
365 1255 542 1357 αρχόντων,
560 1250 671 1359 μηδὲ
644 1278 676 1317 το
687 1249 791 1317 λοιπδν
797 1257 906 1359 ἐξεῖναι
916 1281 957 1361 τρο
944 1254 1054 1357 6666
1065 1261 1147 1340 αίτη-

189 1337 296 1448 Ξθέντι
307 1337 437 1405 διδόναι·
460 1364 485 1401 ει
478 1342 515 1400 δ
517 1339 531 1401 6
543 1362 587 1412 τις
598 1334 660 1423 ἁλῷ
671 1336 813 1417 αἰτῶν,”
793 1363 898 1444 ατιμον
908 1318 998 1447 ρότόν
1008 1320 1084 1403 εῖναι
1095 1343 1145 1403 καί
1157 1358 1173 1409 4

189 1422 294 1505 “γένος
305 1426 356 1487 καί
367 1426 496 1526 οίηίαν,
486 1423 537 1484 καλ
546 1402 725 1485 ὑποκεῖσθαι
734 1431 876 1526 γραφαῖς
874 1423 925 1485 καὶ
936 1425 1103 1501 ἐνδείξεσιν·
1122 1428 1148 1486 εί

188 1451 243 1571 “66
254 1508 304 1569 καλ
315 1509 347 1569 ἐν
357 1503 469 1581 τοότοις
480 1500 587 1589 666,ss
586 1529 672 1586 νοχον
683 1501 830 1580 εἶναιτοῖς
841 1500 939 1607 αόχοῖς
950 1503 1050 1610 οἷσπερ
1061 1510 1092 1569 οί
1100 1511 1145 1570 δι-

109 1650 112 1657 ,
188 1585 382 1693 “ηόζοντες,”
365 1614 436 1653 οταν
446 1583 649 1689 ὀφείλοντες
619 1614 660 1650 τω
648 1591 802 1694 δημοσίῳ
813 1583 978 1665 δικόζωσιῗ
990 1597 1042 1654 τοῦ
1052 1586 1146 1670 νόμον

195 1665 249 1738 οὖν
271 1698 363 1748 ουτως
374 1674 497 1777 ἐχρντος
522 1652 725 1779 ίγρσίφατο“
693 1695 747 1750 μεν
767 1666 800 1734 τό
810 1669 964 1775 πρότερον
984 1670 1146 1758 Βόθιππος

193 1750 381 1858 Λεπτίνηη,“
364 1782 395 1830 ος
407 1749 541 1819 ἆπέθανε
550 1755 622 1838 πρὶν
632 1749 817 1817 εἰσελθεῖν
785 1779 841 1856 την
851 1753 979 1857 γραφήν.
1000 1757 1075 1857 τρίτη
1087 1760 1145 1819 διε-

192 1868 226 1947 τρ
192 1845 277 1923 τίβη
288 1837 400 1944 χρόνος,
412 1840 506 1943 καλγί
505 1861 576 1939 γονε
583 1841 731 1937 Λεπτίνης
742 1831 922 1913 σἰνεόθυνος
940 1820 1031 1939 νόμος
1038 1834 1096 1940 γὰρ
1106 1830 1147 1921 ἦν

192 1950 244 1988 τον
257 1922 424 2029 γράψαντα
444 1922 536 2002 νόμον
556 1917 578 2024 6
599 1916 742 2065 ψηφισμα
762 1915 833 2021 μετὰ
856 1917 990 1985 ἐνιαυτόν
1011 1949 1052 2004 μη
1070 1922 1147 1986 εἶναι

192 2005 373 2072 νπεόθννον.
395 2030 472 2087 ομως
483 2004 605 2107 ἐπειδη
594 2029 632 2066 ιτα
655 2027 731 2066 ουτω
741 2029 816 2067 κατα
826 2029 885 2067 των
895 2030 994 2084 νομων
1002 2007 1052 2089 ἐξ
1052 2030 1147 2069 νποι-

193 2100 292 2193 6666
301 2086 353 2165 τὰς
363 2082 605 2192 ιιατηχορίας,’“
564 2112 623 2150 ναν
638 2090 670 2149 ολ
675 2084 848 2190 γράψαντες
858 2089 912 2164 ἐξω
923 2034 1106 2152 κινδόνόόν
1083 2109 1147 2169 ωσι,

194 2169 264 2256 μετὰ
275 2169 327 2237 τόν
339 2168 474 2237 ἐνιαυτόν
490 2172 593 2250 ἐπέστη
609 2168 770 2273 606676603
783 2165 934 2250 Ἀψεφίων
951 2166 1014 2247 υίδς
1026 2177 1146 2274 Βαθίπ-

191 2282 304 2346 που,
291 2249 316 2322 6
328 2252 496 2363 συνηγόρει
499 2248 661 2338 Φορμίων
649 2280 665 2318 ο
676 2251 788 2337 ῥήτωρ,
810 2278 860 2316 και
851 2252 1065 2338 ’Κτήμιππος”
1051 2280 1068 2319 ο
1080 2251 1146 2330 υἰδς

193 2323 362 2445 Χαβρίου,
349 2331 375 2405 6
385 2336 540 2446 συνηγόρει
552 2340 754 2439 Δημοσθένης.
786 2334 897 2437 τοότορν
908 2339 962 2400 σόν
973 2337 1146 2445 κατηγόρων

193 2405 371 2488 ἐπιστάντων
383 2423 458 2486 κατὰ
476 2430 528 2485 τοῦ
543 2420 636 2497 νόμον
652 2416 873 2497 πεποίηνται
842 2444 897 2525 την
913 2420 1041 2522 γραφήν.
1070 2450 1095 2522 η
1082 2420 1147 2485 ’δὲ

193 2505 292 2581 στάσις
302 2529 489 2609 πραγματιιιη
479 2505 656 2605 ’ἔγγραφος
687 2501 834 2581 κεφάλαια
845 2502 877 2563 δὲ
887 2525 939 2565 του
927 2498 1078 2585 λόγον’
1050 2527 1082 2566 το
1093 2501 1144 2566 νό-

192 2616 290 2672 μιμον,
302 2615 334 2653 το
321 2585 505 2670 συμφέρον,
515 2611 547 2649 το
559 2589 682 2648 δίκαιον.

271 2717 449 2804 Ἀναγιιαῖον
459 2722 528 2785 66⁸
502 2729 593 2785 ειπεῖν
602 2715 654 2824 663
665 2722 895 2803 δικαιολογίας
880 2722 1032 2824 εηατέρων.
1065 2714 1143 2782 καὶὸ

191 2809 245 2888 μὲν
253 2810 400 2887 Λεπτίνης
422 2809 644 2910 ἰσχυρίζεται
604 2831 644 2869 τω
662 2805 840 2887 συμφέροντι
857 2798 906 2867 διὰ
927 2799 959 2867 ιδ
981 2810 1145 2885 περιποιεῖν

191 2882 390 2994 λειτρυργοδς,
416 2884 490 2952 ἆλλδι
507 2890 557 2951 καὶ
573 2914 614 2974 τφ
601 2870 714 2951 ”’ίδιιια
713 2914 744 2975 φ.
778 2890 879 2996 τρίτῳ
866 2889 948 2988 μὲν,
955 2887 1143 2968 συμφέροντι,

191 2971 236 3038 ότι
219 2967 421 3078 όσόμφορον
431 2970 637 3074 δμῖνγίνεται,
660 2953 760 3036 ἐόν
729 2997 758 3035 οι
775 2951 894 3074 πένητες
910 2967 995 3051 μόνοι
1012 2976 1143 3071 λειτονρ·

190 3064 298 3139 χῶσιν·
320 3054 501 3140 απορήσουσι
517 3049 619 3142 γὰρ
590 3065 631 3119 τῶ
648 3053 758 3157 χρόνῳ,
779 3049 883 3158 666'
848 3080 902 3135 ονχ
918 3055 990 3131 ἕξετε
1006 3047 1075 3126 τοδς
1086 3060 1143 3115 λει-

192 3148 403 3243 τουργοῦντας·
435 3147 476 3202 τω
498 3141 529 3202 66
551 3123 710 3227 6669>st
694 3164 738 3202 οτι
756 3134 811 3202 οὐκ
828 3140 888 3202 ἐστι
903 3133 971 3242 τοὺς
986 3130 1144 3239 μὲνᾶδεῶς

189 3232 335 3304 πλουτεῖν,
347 3219 414 3299 τοδς
426 3205 464 3287 δὲ
468 3230 706 3305 λειτουργοῦντας
717 3215 762 3285 ιἰει
753 3224 923 3286 ’.πένεσθαι
945 3246 960 3284 ο
948 3216 1006 3283 ⁸66
1016 3242 1143 3301 κατηγο-

190 3331 241 3389 ρος
252 3310 462 3411 ἰσχυρίζεται
432 3332 473 3370 τω
460 3310 598 3393 νομίμφ
610 3308 661 3370 καλ
671 3331 711 3392 ιφ
699 3309 829 3393 διιαίφ
841 3307 891 3407 666
902 3311 943 3390 τῷ
929 3304 1143 3408 συμφέροντι.

188 3392 241 3455 παὶ
260 3392 318 3453 ἔστι
339 3386 371 3454 τδ
394 3387 519 3472 νόμιμον
541 3371 682 3491 διπλοῦν,
696 3393 765 3471 περί
783 3414 813 3452 τε
829 3382 862 3451 τὸ
861 3368 1176 3493 66666666666662«

176 3481 314 3553 πριῖγμαι
348 3476 400 3536 καὶ
420 3475 508 3558 περὶ
506 3473 558 3536 ιιδν
575 3466 607 3536 τδ
625 3469 796 3557 πρόσωπον,
819 3465 869 3552 ἀφ’
885 3462 927 3535 ὧν
945 3464 1035 3533 αότδν
1056 3469 1144 3552 ἐχρῆν
1177 3512 1180 3517 -
