2370 3854
122 249 164 311 20
347 250 406 310 XX.
438 245 863 308 ΔΗΜΟΣΘΕΝΟῬΣ

122 411 176 478 καὶ
185 408 297 490 δόξαις
307 408 493 494 διώρισται·
507 412 604 493 κοινή
614 402 643 474 δ’
650 402 671 491 ἡ
681 404 775 484 πόλις
782 404 864 475 καλό
875 410 978 492 δῆμος
988 406 1078 486 ὅστις

123 505 167 577 ἀν
177 506 281 577 αύτδν
292 500 332 576 εὖ
342 515 422 596 ποιῇ
432 508 487 575 καὶ
497 505 601 593 σύζη,
623 511 724 572 τούτο
736 501 768 570 δ’
781 502 822 572 ού
833 508 922 590 μένει
930 507 987 573 καὶ
997 506 1077 595 δόξη

119 607 188 677 ίδοι
198 633 246 686 τις
255 602 315 690 ἀν,
338 604 413 674 ἀλλ’
424 610 519 694 ἐργμ.
551 601 705 688 ὅτανμὲν
716 596 780 671 οὖν
796 595 836 671 εδ
851 604 989 690 πάσχειν
1008 607 1076 693 δέη,

120 705 182 776 τόν
199 703 409 793 βουλόμενον
424 695 464 770 εὖ
480 715 588 770 ποιείν
605 699 691 788 ἡμᾶς
708 701 865 790 ἐάσομεν,
889 703 1024 772 ἐπειδάν
1041 707 1078 771 δὲ

122 807 303 892 πάθωμεν,
320 803 396 872 τότε
406 800 469 889 τήν
478 797 575 881 ἀξίαν
584 808 646 868 τοῦ
656 799 856 886 ποιήσαντος
867 803 1075 889 σκεύόμεθας

120 903 185 972 οὐκ
195 902 251 988 ἀρ’
264 902 378 989 ὀρθῶς
388 900 652 990 βουλευσόμεθα.

79 1027 113 1080 53
202 1000 300 1069 Ἀλλά
317 998 360 1086 νή
379 998 434 1068 Δί’
456 991 550 1067 ούτοι
571 997 670 1084 μόνοι
690 1005 789 1067 τοῦτο
814 1007 999 1086 πείσονται,
1021 1005 1076 1068 καὶ

123 1100 336 1183 περὶτούτων
348 1097 462 1185 μόνων
473 1104 632 1183 ποιοῦμαι
642 1096 744 1181 λόγον
753 1105 924 1170 τοσούτου.
948 1107 1075 1168 πολλοῦ

120 1200 224 1284 γεκαὶ
236 1201 308 1265 δέω.
331 1194 415 1264 ἀλλά
426 1196 553 1275 πάντας
562 1196 624 1282 μὲν
636 1193 707 1262 οὐδ’
719 1191 763 1263 ἀν
773 1197 996 1285 ἐγχειρήσαιμι
1006 1201 1075 1278 ἐξε-

120 1296 245 1380 τάζειν,
257 1293 332 1363 ὅσοι
343 1293 558 1380 πεποιηκότες
567 1290 655 1378 ὑμᾶς
665 1287 706 1362 εύ
717 1294 772 1362 διά
783 1293 845 1364 τόν
854 1299 977 1383 νόμον,
990 1303 1021 1364 εί
1029 1295 1074 1382 μή

92 1451 97 1457 .
120 1394 319 1482 λυθήσεται,
341 1391 381 1462 τά
399 1390 534 1461 δοθέντ’
554 1390 856 1480 ἀφαιρεθήσονται·
877 1397 917 1464 ἓν
933 1391 1001 1482 δὲή
1011 1395 1074 1463 δύο

121 1499 227 1574 δείξας
244 1499 291 1562 ἐτι
307 1499 501 1579 ψηφίσματα
516 1489 765 1578 ἀπαλλάττομαι
779 1501 843 1563 τού
859 1496 934 1581 περὶ
944 1494 1074 1562 τούτων

77 1594 236 1677 59λέγενν.
268 1595 369 1657 τοῦτο
386 1588 449 1677 μὲν
464 1596 581 1657 τοίνυν
593 1596 737 1669 Θασίους
754 1589 833 1670 τούς
843 1591 913 1677 μετ’
931 1591 1074 1678 Ἐκφάν-

119 1716 199 1775 του,
213 1697 282 1768 πῶς
290 1687 355 1757 ούκ
367 1686 556 1776 ἀδικήσετε,
567 1686 628 1757 ἐάν
639 1686 830 1775 ἀφαιρῆσθε
840 1688 902 1775 τήν
912 1688 1073 1775 ἀτέλειαν,

117 1795 156 1858 οἳ
180 1787 386 1872 παραδόντες
407 1783 489 1873 ὑμῖν
509 1787 624 1855 Θάσον
644 1790 700 1855 καὶ
721 1785 783 1874 τήν
802 1792 1076 1874 Λακεδαιμονίων

121 1883 279 1972 φρουράν
301 1883 380 1971 μεθ’
402 1884 518 1953 ὅπλων
538 1884 734 1973 ἐκβαλόντες
755 1887 810 1954 καὶ
833 1887 1076 1973 Θρασύβουλον

120 1983 350 2068 εἰσαγαγόντες
367 1985 423 2050 καὶ
438 1983 663 2068 παρασχόντες
682 1989 786 2070 φίλην
801 1981 881 2071 ὑμῖν
892 1984 952 2072 τήν
964 1981 1122 2052 αὑτωνέλ.

119 2087 262 2168 πατρίδα
279 2092 378 2151 αίτιοι
393 2091 456 2150 τοῦ
467 2084 625 2168 γενέσθαι
636 2083 812 2170 σύμμαχον
822 2082 884 2152 τδυ
895 2086 969 2167 περὶ
981 2082 1075 2171 Θρηί-

79 2191 183 2268 5οκην
192 2179 298 2250 τόπον
308 2178 389 2266 ύμίν
400 2183 570 2266 ἐχένουτο;
581 2189 679 2248 τοῦτο
692 2178 724 2248 δ’
735 2181 901 2269 Ἀρχέβιον
912 2180 1075 2265 καλἩρα-

120 2285 271 2367 κλείδηυ,
295 2286 330 2348 οἳ
342 2277 526 2361 Βυζάντιον
542 2279 747 2363 παραδόντες
764 2280 993 2368 Θρασυβούλῳ
1004 2303 1076 2347 ’κυ-

119 2385 213 2465 ρίους
230 2377 316 2464 ὑμᾶς
325 2381 485 2465 ἐποίησαν
495 2378 824 2466 τούῈλλησπόντου,
848 2378 933 2447 ὥστε
944 2378 1008 2465 τήν
1019 2383 1075 2446 δε-

119 2478 226 2562 κάτηυ
243 2474 434 2544 ἀποδόσθαι
450 2479 505 2543 καὶ
515 2478 692 2564 χρημάτων
703 2476 954 2565 εὐπορήσαντας
964 2485 1074 2545 Λακε-

119 2581 311 2661 δαιμονίους
321 2571 507 2660 ἀναγκάσαι
516 2578 684 2663 τοιαύτην,
693 2580 768 2644 οἷαν
778 2573 858 2662 ὑμίν
868 2577 986 2661 ἐδόκει,
999 2601 1076 2642 ποι-

118 2674 267 2761 η’σασθαι
278 2671 342 2760 τήν
353 2673 506 2760 είρήνην;
530 2667 596 2762 όν,
615 2669 644 2743 ω’
655 2673 774 2763 ἀνδρες
782 2673 972 2762 Ἀθηναῖοι,
994 2674 1075 2760 μετά

119 2769 215 2841 ταῦτ’
229 2770 441 2840 ἐκπεσόντων
452 2776 679 2860 ἐψηφίσασθε,
690 2773 791 2861 άπερ,
804 2774 911 2862 οἶμαι,
924 2775 1075 2861 φεύγου-

121 2892 175 2940 σιν
188 2869 372 2958 εύερχίταις
383 2869 429 2939 δι’
441 2870 527 2958 ὑμᾶς
537 2882 701 2960 προσῆκε,
722 2880 917 2962 προξενίαν,
940 2871 1076 2955 εὐεργε-

120 2979 213 3058 σίαν,
235 2969 385 3038 ἀτέλειαν
401 2967 566 3039 ἁπάντων.
601 2972 669 3040 εἶτα
680 2975 758 3051 τούς
769 2971 814 3039 δι’
829 2970 916 3057 ὑμᾶς
927 2969 1076 3057 φεύγον-

120 3099 178 3150 τας
199 3074 255 3138 καί
277 3074 409 3148 δικαίως
428 3096 461 3138 τι
482 3069 563 3156 παρ’
586 3069 683 3157 ὑμῶν
705 3069 908 3155 εὑρομένους
925 3069 1076 3154 ἐάσωμεν

121 3169 347 3254 ἀφαιρεθῆναι
368 3176 488 3254 ταῦτα,
511 3169 615 3255 μηδὲν
636 3174 765 3255 ἔχοντες
785 3172 972 3253 ἐγκαλέσαις
999 3164 1075 3234 ἀλλ’

77 3281 108 3336 61
122 3267 259 3354 αἰσχρόν
270 3263 383 3355 ἀνείη.
418 3269 559 3354 μάθοιτε
571 3269 607 3335 δὲ
617 3278 715 3336 τοῦτο
726 3265 857 3353 μάλιστ’
871 3264 931 3351 ἀν,
944 3269 1077 3345 ἐκείνως

123 3373 153 3434 εί
171 3373 363 3452 λογίσαισθε
384 3366 467 3451 πρὸς
488 3366 575 3453 ὑμᾶς
596 3363 736 3444 αὐτούς’
762 3375 796 3433 εί
813 3392 899 3444 τινες
915 3366 993 3431 νυνὶ
1009 3370 1078 3431 τῶν

123 3465 266 3550 ἐχόντων
276 3464 417 3532 Πύδναν
428 3461 450 3551 ή
461 3468 645 3532 Ποτίδαιαν
654 3463 677 3542 ἤ
687 3490 719 3531 τι
728 3471 797 3532 τιδυ
808 3461 920 3532 ἀλλων
935 3467 1077 3550 χωρίων,
