2370 3854
228 211 373 276 ΚΑΤΑ
390 212 685 274 ΑΡΙΣΤΟΓΕΙ
694 214 801 276 ΤΟΝ
807 217 876 278 ΟΣ
894 219 934 278 A.
997 215 1062 281 279

110 375 151 445 τόι
169 372 416 462 γνωριμώτατα.
450 369 487 440 τό
505 369 567 459 τὴν
582 371 712 460 βουλὴν
728 375 806 455 τούς
823 385 1061 457 πεντακοσίους

109 472 175 550 dm}
197 482 255 559 τῆς
273 470 441 550 ἀσθενοῦς
457 474 626 556 τοιαυτησὶ
642 478 808 556 κιγκλίδος
826 483 895 542 τῶν
910 474 1061 564 άπορρη-

109 600 177 642 των
187 579 308 655 κυρίαν
319 569 419 656 εἶναι,
441 571 496 637 καί
506 567 551 656 μη
569 567 649 649 τούς
666 572 798 653 ίδιοότας
808 576 1002 642 ἐπεισιέναι·
1021 573 1059 643 τό

108 670 171 760 τὴν
193 675 226 752 ἐξ
244 669 373 756 Ἀρείου
394 669 505 754 πάγον
524 667 664 757 βουλὴν,
687 669 768 739 ὅταν
791 675 828 741 ἐν
847 681 887 762 τῇ
904 681 1059 762 βασιλείῳ

109 778 190 860 στοᾷ
201 771 405 854 καθεζομένη
417 775 713 854 περισχοινίσηται,
736 769 820 837 κατὰ
836 767 965 858 πολλὴν
975 769 1059 858 ἡσυ-

107 876 183 954 χίοιν
200 866 248 954 ἐφ’
263 870 380 953 ἑαυτῆς
398 866 497 950 εῖναι,
520 868 576 935 καὶ
594 865 743 947 ἅπαντας
759 869 910 937 έκποδών
926 867 1059 955 άποχω-

108 981 194 1049 ρεῖν·
214 963 251 1034 τό
263 962 322 1043 τάς
332 962 434 1051 άρχόις
445 961 584 1052 ἁπάσας,
598 963 679 1045 ὅσας
690 972 725 1034 oc
733 967 888 1053 λαχόντες
898 965 1059 1054 ἄρχουσιν
1154 960 1171 1019 5

108 1063 220 1151 ὑμῶν,
242 1063 311 1150 ἅμα
328 1071 374 1153 τῷ
391 1064 451 1133 τόν
468 1062 637 1151 ὑπηρέτην
653 1064 961 1154 εἰπεῖν’(μετάστητε
978 1063 1056 1148 ega?

108 1171 176 1231 τῶν
192 1165 308 1249 νόμων
336 1175 472 1244 κρατεῖν
498 1162 547 1249 ἐφ’
567 1162 615 1241 οἷς
632 1166 913 1252 εἰσεπέμφθησαν,
936 1169 992 1234 καὶ
1012 1166 1056 1253 μὴ

65 1284 100 1337 24
109 1261 453 1347 τούςάσελγεστάτους
458 1265 645 1349 βιάζεσθαι·
657 1263 741 1331 όίλλα
752 1270 863 1348 μυρία.
878 1262 1056 1349 πάνταγὰρ

108 1361 149 1430 τά
167 1363 271 1447 σεμνὰ
289 1363 345 1429 καὶ
362 1359 465 1445 καλά,
487 1364 542 1429 καὶ
560 1359 599 1427 δι’
613 1353 662 1428 οἷν
677 1359 699 1448 ἡ
717 1362 811 1440 πόλις
821 1377 990 1449 κοσμεῖται
1002 1364 1058 1430 καί

110 1462 259 1546 σώζεται,
280 1457 535 1547 ησωφροσύνη,
555 1458 577 1547 ἡ
596 1458 681 1546 πρὸς
695 1458 774 1540 τούς
786 1465 904 1546 γονέας
914 1463 970 1528 καὶ
979 1458 1057 1538 τούς

110 1565 355 1648 πρεσβυτέρους
366 1559 462 1647 ὑμῶν
473 1556 562 1644 παρά
573 1566 642 1627 τῶν
652 1566 740 1628 νέων
752 1559 909 1646 αίσχύνη,
926 1557 947 1646 ἡ
959 1558 1057 1627 εύτα-
1068 1583 1118 1638 777

109 1662 177 1743 ξίω,
199 1667 240 1747 τῇ
255 1667 324 1726 τῶν
340 1658 455 1746 νόμων
472 1656 650 1746 προσθήκη
663 1667 731 1726 τῶν
747 1665 893 1745 αἰσχρῶν
903 1666 1056 1744 περίεστι,

107 1763 166 1842 τῆς
188 1754 439 1844 ἀναισχυντίας,
466 1765 526 1844 τῆς
548 1756 775 1845 θρασύτητος,
801 1766 860 1845 τῆς
881 1756 1056 1835 άναιδείας.

109 1852 226 1940 ἰταμὸν
236 1856 300 1941 γάρ
311 1853 332 1943 ἡ
344 1862 487 1943 πονηρία
498 1859 553 1924 καὶ
563 1856 731 1944 τολμηρόν
747 1861 802 1925 καὶ
812 1854 1057 1941 πλεονεκτικόν,

109 1956 163 2020 καὶ
179 1951 376 2023 τούναντίου
397 1952 418 2041 ἡ
438 1962 668 2041 καλοκαγαθία
682 1953 824 2042 ἡσύχιον
842 1958 897 2023 καὶ
913 1952 1059 2041 ὀκνηρόν

111 2053 166 2118 καλ
176 2051 286 2139 βραδύ
296 2057 351 2120 καὶ
363 2050 475 2121 δεινόν
492 2056 729 2139 ἐλαττωθῆναι.
762 2050 840 2131 τούς
856 2053 982 2138 νόμους
996 2045 1059 2119 ούν

111 2153 164 2217 δελ
171 2165 283 2236 τηρεῖν
293 2153 347 2218 καὶ
358 2150 501 2230 τούτους
518 2149 677 2236 ἰσχυρούς
694 2166 802 2218 ποιεῖν
811 2148 891 2227 τούς
903 2148 953 2217 άεί
964 2148 1059 2216 δικά-

110 2253 224 2327 ζοντας
235 2245 346 2333 ὑμῶν·
373 2248 454 2333 μετὰ
471 2247 536 2334 γάρ
547 2250 677 2318 τούτων
689 2253 865 2333 οἱχρηστοὶ
874 2255 943 2314 τῶν
954 2273 1060 2330 πονη-

65 2375 100 2426 25
111 2352 180 2426 ρῶν
190 2351 358 2429 περίεισιν.
371 2351 402 2412 εί
411 2345 447 2413 δὲ
459 2344 515 2432 μη,
523 2351 655 2414 λέλυται
665 2346 784 2430 πάντα,
797 2343 968 2435 ἀνέῳκται,
976 2366 1059 2430 συγ-

109 2444 258 2528 κέχυται,
275 2449 345 2509 τῶν
354 2444 593 2531 πονηροτάτων
604 2445 660 2512 καὶ
672 2442 949 2531 άναιδεστάτωνὴ
964 2445 1059 2524 πόλις
1173 2440 1178 2457 ‘

107 2549 263 2626 γίγνεται.
296 2543 378 2627 φέρε
394 2541 554 2630 γάρπρός
571 2552 679 2630 θεῶν,
702 2551 733 2613 εί
742 2540 787 2622 εἷς
796 2547 933 2623 ἕκαστος
943 2551 1011 2612 τῶν
1022 2548 1060 2612 ἐν

107 2647 146 2728 τῇ
158 2640 254 2709 πόλει
263 2637 326 2726 τὴν
334 2638 610 2727 Ἀριστογείτονος
620 2643 747 2730 τόλμαν
757 2645 812 2712 καὶ
824 2641 1060 2730 ἀναισχυντίαν

107 2738 231 2826 λαβὼν,
243 2741 298 2807 καί
311 2741 583 2827 διαλογισάμενος
598 2739 694 2810 ταῦθ’
705 2741 790 2827 άπερ
803 2734 917 2828 ούτος,
929 2739 981 2812 ότι
991 2747 1060 2822 ἔξε-

109 2858 161 2904 στι
178 2839 232 2904 καὶ
248 2839 356 2921 λέγειν
372 2839 428 2906 καὶ
444 2855 552 2908 ποιεῖν
562 2843 656 2929 μέχρι
667 2839 793 2921 παντός
803 2841 824 2913 ό
834 2870 865 2910 τι
876 2839 920 2911 άν
930 2843 1060 2930 βούλη-

108 2941 165 3002 ταί
172 2961 222 3013 τις
233 2938 269 3002 έν
281 2941 500 3026 δημοκρατίᾳ,
520 2940 642 3024 ἐάνπερ
660 2950 723 3010 τού
733 2943 828 3020 ποῖός
838 2969 887 3021 τις
898 2941 983 3008 εἶναι
999 2940 1059 3008 δό-

110 3038 158 3113 ξει
173 3031 191 3101 ὁ
207 3040 318 3124 ταῦτα
326 3045 433 3104 ποιεῖν
447 3035 652 3126 όλιγωρήση,
673 3043 729 3107 καὶ
747 3038 855 3117 ούδεὶς
877 3035 925 3105 ἐπ’
947 3035 1059 3104 ούδενλ

64 3139 177 3205 νότων
194 3125 405 3218 ἀδικημάτων
424 3133 531 3213 εύθός
548 3134 652 3205 αύτόν
676 3137 877 3206 άποκτείνει·
910 3143 941 3204 εί
954 3142 1059 3202 ταῦτα

109 3235 298 3317 διανοηθείς
310 3229 328 3298 ὁ
340 3231 383 3319 μη
395 3233 506 3321 λαχύυ
516 3243 564 3324 τῷ
575 3237 708 3321 λαχόντι
718 3240 773 3304 καὶ
784 3234 801 3304 ὁ
813 3236 857 3323 μη
868 3260 1059 3321 χειροτονη-
1131 3230 1132 3234 ’

108 3333 181 3409 θεὶς
196 3339 244 3418 τῷ
259 3338 528 3419 χειροτονηθέντι
543 3339 576 3415 ἐξ
594 3345 670 3403 ίσου
688 3340 795 3422 ζητοίη
813 3333 897 3402 εἶναι
918 3336 1058 3401 καὶτῶν

109 3428 220 3498 αὐτῶν
232 3434 388 3518 μετέχειν,
399 3435 453 3501 καὶ
465 3432 551 3513 ὅλως
561 3433 605 3521 μὴ
618 3436 702 3520 νέος,
721 3431 764 3520 μὴ
783 3431 1007 3519 πρεσβύτερος
1017 3428 1057 3499 τά
