<?xml version="1.0" encoding="UTF-8"?>
<!DOCTYPE html PUBLIC "-//W3C//DTD XHTML 1.0 Transitional//EN"
    "http://www.w3.org/TR/xhtml1/DTD/xhtml1-transitional.dtd">
<html xmlns="http://www.w3.org/1999/xhtml" xml:lang="en" lang="en">
 <head>
  <title>
</title>
<meta http-equiv="Content-Type" content="text/html;charset=utf-8" />
  <meta name='ocr-system' content='tesseract 3.04.00' />
  <meta name='ocr-capabilities' content='ocr_page ocr_carea ocr_par ocr_line ocrx_word'/>
</head>
<body>
  <div class='ocr_page' id='page_1' title='image "./orationesexrece01demogoog_0211.png"; bbox 0 0 2370 3854; ppageno 0'>
   <div class='ocr_carea' id='block_1_1' title="bbox 135 182 887 249">
    <p class='ocr_par' dir='ltr' id='par_1_1' title="bbox 135 182 887 249">
     <span class='ocr_line' id='line_1_1' title="bbox 135 182 887 249; baseline -0.005 0"><span class='ocrx_word' id='word_1_1' title='bbox 135 185 198 249; x_wconf 76' lang='lat'><strong><em>202</em></strong></span> <span class='ocrx_word' id='word_1_2' title='bbox 341 189 436 245; x_wconf 81' lang='lat' dir='ltr'>XXIII.</span> <span class='ocrx_word' id='word_1_3' title='bbox 469 182 809 245; x_wconf 82' lang='grc' dir='ltr'><em>ΔΗΜΟΣΘΕΝΟ</em></span> <span class='ocrx_word' id='word_1_4' title='bbox 820 186 887 245; x_wconf 73' lang='grc' dir='ltr'><strong><em>ΤΣ</em></strong></span> 
     </span>
    </p>
   </div>
   <div class='ocr_carea' id='block_1_2' title="bbox 78 339 1131 3481">
    <p class='ocr_par' dir='ltr' id='par_1_2' title="bbox 136 339 1085 530">
     <span class='ocr_line' id='line_1_2' title="bbox 136 339 1085 433; baseline -0.003 -17"><span class='ocrx_word' id='word_1_5' title='bbox 136 345 210 416; x_wconf 82' lang='grc' dir='ltr'><strong><em>αὖτ’</em></strong></span> <span class='ocrx_word' id='word_1_6' title='bbox 225 343 381 427; x_wconf 75' lang='grc' dir='ltr'><strong><em>ἐξετάζων</em></strong></span> <span class='ocrx_word' id='word_1_7' title='bbox 397 355 607 430; x_wconf 90' lang='grc' dir='ltr'><strong><em>μνησικακεῖ,</em></strong></span> <span class='ocrx_word' id='word_1_8' title='bbox 627 339 645 409; x_wconf 86' lang='grc' dir='ltr'>ὁ</span> <span class='ocrx_word' id='word_1_9' title='bbox 665 341 695 409; x_wconf 77' lang='grc' dir='ltr'><strong><em>θ’</em></strong></span> <span class='ocrx_word' id='word_1_10' title='bbox 712 341 796 429; x_wconf 74' lang='grc' dir='ltr'><strong><em>ύπέρ</em></strong></span> <span class='ocrx_word' id='word_1_11' title='bbox 809 353 871 413; x_wconf 90' lang='grc' dir='ltr'><strong><em>τοῦ</em></strong></span> <span class='ocrx_word' id='word_1_12' title='bbox 887 345 932 432; x_wconf 77' lang='grc' dir='ltr'><strong><em>μὴ</em></strong></span> <span class='ocrx_word' id='word_1_13' title='bbox 950 356 1085 433; x_wconf 89' lang='grc' dir='ltr'><strong><em>παθεῖν,</em></strong></span> 
     </span>
     <span class='ocr_line' id='line_1_3' title="bbox 137 442 782 530; baseline -0.006 -17"><span class='ocrx_word' id='word_1_14' title='bbox 137 443 220 516; x_wconf 89' lang='grc' dir='ltr'><strong><em>ἀλλά</em></strong></span> <span class='ocrx_word' id='word_1_15' title='bbox 233 442 447 530; x_wconf 88' lang='grc' dir='ltr'><strong><em>φυλάξασθαι</em></strong></span> <span class='ocrx_word' id='word_1_16' title='bbox 457 448 593 509; x_wconf 92' lang='grc' dir='ltr'><strong><em>σκοπῶν</em></strong></span> <span class='ocrx_word' id='word_1_17' title='bbox 605 455 782 527; x_wconf 86' lang='grc' dir='ltr'><strong><em>σωφρονεῖ.</em></strong></span> 
     </span>
    </p>

    <p class='ocr_par' dir='ltr' id='par_1_3' title="bbox 79 535 1091 1514">
     <span class='ocr_line' id='line_1_4' title="bbox 79 535 1088 628; baseline -0.003 -14"><span class='ocrx_word' id='word_1_18' title='bbox 79 561 128 618; x_wconf 78' lang='lat'><strong><em>194</em></strong></span> <span class='ocrx_word' id='word_1_19' title='bbox 209 543 305 621; x_wconf 84' lang='grc' dir='ltr'><strong><em>Ἴσως</em></strong></span> <span class='ocrx_word' id='word_1_20' title='bbox 320 551 437 608; x_wconf 83' lang='grc' dir='ltr'><strong><em>τοίνυν</em></strong></span> <span class='ocrx_word' id='word_1_21' title='bbox 455 541 510 607; x_wconf 81' lang='grc' dir='ltr'><strong><em>καί</em></strong></span> <span class='ocrx_word' id='word_1_22' title='bbox 525 537 681 625; x_wconf 75' lang='grc' dir='ltr'><strong><em>τοιαύτην</em></strong></span> <span class='ocrx_word' id='word_1_23' title='bbox 697 535 754 606; x_wconf 82' lang='grc' dir='ltr'><strong><em>τιν’</em></strong></span> <span class='ocrx_word' id='word_1_24' title='bbox 768 543 901 622; x_wconf 81' lang='grc' dir='ltr'><strong><em>ἐροῦσιν</em></strong></span> <span class='ocrx_word' id='word_1_25' title='bbox 912 538 1088 628; x_wconf 79' lang='grc' dir='ltr'><strong><em>ὑπόνοιαν,</em></strong></span> 
     </span>
     <span class='ocr_line' id='line_1_5' title="bbox 137 635 1091 730; baseline 0 -21"><span class='ocrx_word' id='word_1_26' title='bbox 137 638 181 720; x_wconf 76' lang='grc' dir='ltr'><strong><em>ὡς</em></strong></span> <span class='ocrx_word' id='word_1_27' title='bbox 193 639 368 728; x_wconf 74' lang='grc' dir='ltr'><strong><em>ὡρμηκότα</em></strong></span> <span class='ocrx_word' id='word_1_28' title='bbox 379 647 445 706; x_wconf 90' lang='grc' dir='ltr'><strong><em>νῦν</em></strong></span> <span class='ocrx_word' id='word_1_29' title='bbox 455 639 517 706; x_wconf 86' lang='grc' dir='ltr'><strong><em>τόν</em></strong></span> <span class='ocrx_word' id='word_1_30' title='bbox 532 635 718 719; x_wconf 87' lang='grc' dir='ltr'><strong><em>ἀνθρωπου</em></strong></span> <span class='ocrx_word' id='word_1_31' title='bbox 734 643 834 723; x_wconf 82' lang='grc' dir='ltr'><strong><em>φίλον</em></strong></span> <span class='ocrx_word' id='word_1_32' title='bbox 844 637 929 707; x_wconf 85' lang='grc' dir='ltr'><strong><em>είναι</em></strong></span> <span class='ocrx_word' id='word_1_33' title='bbox 939 643 995 709; x_wconf 81' lang='grc' dir='ltr'><strong><em>καὶ</em></strong></span> <span class='ocrx_word' id='word_1_34' title='bbox 1004 648 1091 730; x_wconf 80' lang='grc' dir='ltr'><strong><em>βου-</em></strong></span> 
     </span>
     <span class='ocr_line' id='line_1_6' title="bbox 136 733 1090 826; baseline -0.001 -17"><span class='ocrx_word' id='word_1_35' title='bbox 136 737 281 826; x_wconf 89' lang='grc' dir='ltr'><strong><em>λόμενόν</em></strong></span> <span class='ocrx_word' id='word_1_36' title='bbox 291 765 323 805; x_wconf 91' lang='grc' dir='ltr'><strong><em>τι</em></strong></span> <span class='ocrx_word' id='word_1_37' title='bbox 333 751 441 805; x_wconf 79' lang='grc' dir='ltr'><strong><em>ποιεῖν</em></strong></span> <span class='ocrx_word' id='word_1_38' title='bbox 458 735 591 821; x_wconf 86' lang='grc' dir='ltr'><strong><em>ἀγαθόν</em></strong></span> <span class='ocrx_word' id='word_1_39' title='bbox 601 733 665 822; x_wconf 81' lang='grc' dir='ltr'><strong><em>τήν</em></strong></span> <span class='ocrx_word' id='word_1_40' title='bbox 680 737 777 805; x_wconf 88' lang='grc' dir='ltr'><strong><em>πόλιν</em></strong></span> <span class='ocrx_word' id='word_1_41' title='bbox 789 743 835 817; x_wconf 89' lang='grc' dir='ltr'><strong><em>είς</em></strong></span> <span class='ocrx_word' id='word_1_42' title='bbox 851 736 1003 826; x_wconf 89' lang='grc' dir='ltr'><strong><em>ἀθυμίαν</em></strong></span> <span class='ocrx_word' id='word_1_43' title='bbox 1013 744 1090 825; x_wconf 88' lang='grc' dir='ltr'><strong><em>τρέ-</em></strong></span> 
     </span>
     <span class='ocr_line' id='line_1_7' title="bbox 136 835 1089 926; baseline 0 -20"><span class='ocrx_word' id='word_1_44' title='bbox 136 852 261 926; x_wconf 80' lang='grc' dir='ltr'><strong><em>ψομεν,</em></strong></span> <span class='ocrx_word' id='word_1_45' title='bbox 275 843 305 904; x_wconf 90' lang='grc' dir='ltr'><strong><em>εί</em></strong></span> <span class='ocrx_word' id='word_1_46' title='bbox 315 835 636 921; x_wconf 75' lang='grc' dir='ltr'><strong><em>καταψηφιούμεθα,</em></strong></span> <span class='ocrx_word' id='word_1_47' title='bbox 662 838 718 905; x_wconf 83' lang='grc' dir='ltr'><strong><em>καὶ</em></strong></span> <span class='ocrx_word' id='word_1_48' title='bbox 735 838 917 925; x_wconf 78' lang='grc' dir='ltr'><strong><em>ποιήσομεν</em></strong></span> <span class='ocrx_word' id='word_1_49' title='bbox 933 837 1089 916; x_wconf 80' lang='grc' dir='ltr'><strong><em>ὑπόπτως</em></strong></span> 
     </span>
     <span class='ocr_line' id='line_1_8' title="bbox 136 926 1090 1024; baseline -0.001 -19"><span class='ocrx_word' id='word_1_50' title='bbox 136 943 221 1023; x_wconf 82' lang='grc' dir='ltr'><strong><em>ἔχειν</em></strong></span> <span class='ocrx_word' id='word_1_51' title='bbox 233 934 318 1018; x_wconf 67' lang='grc' dir='ltr'><strong><em>πρὸς</em></strong></span> <span class='ocrx_word' id='word_1_52' title='bbox 335 933 430 1021; x_wconf 71' lang='grc' dir='ltr'><em>ἡμᾶς·</em></span> <span class='ocrx_word' id='word_1_53' title='bbox 467 932 531 1018; x_wconf 73' lang='grc' dir='ltr'><strong><em>έγύ</em></strong></span> <span class='ocrx_word' id='word_1_54' title='bbox 547 930 591 1016; x_wconf 78' lang='grc' dir='ltr'><strong><em>δ’,</em></strong></span> <span class='ocrx_word' id='word_1_55' title='bbox 614 926 643 1000; x_wconf 71' lang='grc' dir='ltr'><strong><em>οἷ</em></strong></span> <span class='ocrx_word' id='word_1_56' title='bbox 660 931 779 1019; x_wconf 74' lang='grc' dir='ltr'><strong><em>ἀνδρες</em></strong></span> <span class='ocrx_word' id='word_1_57' title='bbox 796 932 982 1024; x_wconf 75' lang='grc' dir='ltr'><strong><em>Ἀθηναῖοι,</em></strong></span> <span class='ocrx_word' id='word_1_58' title='bbox 1004 935 1090 1004; x_wconf 51' lang='grc' dir='ltr'><strong><em>θεάὉ</em></strong></span> 
     </span>
     <span class='ocr_line' id='line_1_9' title="bbox 136 1027 1089 1122; baseline 0.001 -20"><span class='ocrx_word' id='word_1_59' title='bbox 136 1032 232 1103; x_wconf 88' lang='grc' dir='ltr'><strong><em>σασθ’</em></strong></span> <span class='ocrx_word' id='word_1_60' title='bbox 248 1031 292 1111; x_wconf 86' lang='grc' dir='ltr'><strong><em>ῶς</em></strong></span> <span class='ocrx_word' id='word_1_61' title='bbox 303 1037 373 1118; x_wconf 81' lang='grc' dir='ltr'><strong><em>ἔχω.</em></strong></span> <span class='ocrx_word' id='word_1_62' title='bbox 408 1037 439 1098; x_wconf 91' lang='grc' dir='ltr'><strong><em>εί</em></strong></span> <span class='ocrx_word' id='word_1_63' title='bbox 448 1027 518 1116; x_wconf 86' lang='grc' dir='ltr'><strong><em>μετ’</em></strong></span> <span class='ocrx_word' id='word_1_64' title='bbox 532 1028 693 1117; x_wconf 72' lang='grc' dir='ltr'><strong><em>ἀληθείας</em></strong></span> <span class='ocrx_word' id='word_1_65' title='bbox 710 1030 822 1113; x_wconf 82' lang='grc' dir='ltr'><strong><em>ἁπλῶς</em></strong></span> <span class='ocrx_word' id='word_1_66' title='bbox 837 1027 882 1121; x_wconf 81' lang='grc' dir='ltr'><strong><em>ἦν</em></strong></span> <span class='ocrx_word' id='word_1_67' title='bbox 897 1031 977 1122; x_wconf 77' lang='grc' dir='ltr'><strong><em>ἡμῖν</em></strong></span> <span class='ocrx_word' id='word_1_68' title='bbox 994 1041 1089 1120; x_wconf 83' lang='grc' dir='ltr'><strong><em>φίλος</em></strong></span> 
     </span>
     <span class='ocr_line' id='line_1_10' title="bbox 135 1126 1087 1219; baseline -0.001 -18"><span class='ocrx_word' id='word_1_69' title='bbox 135 1135 191 1201; x_wconf 81' lang='grc' dir='ltr'><strong><em>καί</em></strong></span> <span class='ocrx_word' id='word_1_70' title='bbox 200 1129 243 1218; x_wconf 80' lang='grc' dir='ltr'><strong><em>νη</em></strong></span> <span class='ocrx_word' id='word_1_71' title='bbox 250 1136 317 1200; x_wconf 89' lang='grc' dir='ltr'><strong><em>Δία</em></strong></span> <span class='ocrx_word' id='word_1_72' title='bbox 328 1129 437 1197; x_wconf 87' lang='grc' dir='ltr'><strong><em>πάντα</em></strong></span> <span class='ocrx_word' id='word_1_73' title='bbox 448 1126 581 1214; x_wconf 87' lang='grc' dir='ltr'><strong><em>τάγαθά</em></strong></span> <span class='ocrx_word' id='word_1_74' title='bbox 590 1134 736 1215; x_wconf 45' lang='grc' dir='ltr'><strong><em>,ἔμελλεν</em></strong></span> <span class='ocrx_word' id='word_1_75' title='bbox 745 1127 831 1217; x_wconf 77' lang='grc' dir='ltr'><strong><em>ἡμᾶς</em></strong></span> <span class='ocrx_word' id='word_1_76' title='bbox 843 1133 1003 1219; x_wconf 83' lang='grc' dir='ltr'><strong><em>ποιήσειν,</em></strong></span> <span class='ocrx_word' id='word_1_77' title='bbox 1011 1128 1087 1200; x_wconf 77' lang='grc' dir='ltr'><strong><em>οὐθ’</em></strong></span> 
     </span>
     <span class='ocr_line' id='line_1_11' title="bbox 136 1225 1090 1319; baseline -0.001 -20"><span class='ocrx_word' id='word_1_78' title='bbox 136 1228 179 1300; x_wconf 86' lang='grc' dir='ltr'><strong><em>ἀν</em></strong></span> <span class='ocrx_word' id='word_1_79' title='bbox 191 1229 298 1310; x_wconf 79' lang='grc' dir='ltr'><strong><em>οὕτως</em></strong></span> <span class='ocrx_word' id='word_1_80' title='bbox 310 1228 404 1319; x_wconf 71' lang='grc' dir='ltr'><strong><em>ᾤμην</em></strong></span> <span class='ocrx_word' id='word_1_81' title='bbox 416 1233 485 1296; x_wconf 76' lang='grc' dir='ltr'><strong><em>δεῖν</em></strong></span> <span class='ocrx_word' id='word_1_82' title='bbox 496 1235 617 1296; x_wconf 89' lang='grc' dir='ltr'><strong><em>τοῦτον</em></strong></span> <span class='ocrx_word' id='word_1_83' title='bbox 627 1225 766 1297; x_wconf 87' lang='grc' dir='ltr'><strong><em>ἀκούειν</em></strong></span> <span class='ocrx_word' id='word_1_84' title='bbox 778 1227 840 1298; x_wconf 91' lang='grc' dir='ltr'><strong><em>τόν</em></strong></span> <span class='ocrx_word' id='word_1_85' title='bbox 849 1231 966 1316; x_wconf 91' lang='grc' dir='ltr'><strong><em>λόγου·</em></strong></span> <span class='ocrx_word' id='word_1_86' title='bbox 991 1228 1090 1298; x_wconf 79' lang='grc' dir='ltr'><strong><em>οῦῦέ-</em></strong></span> 
     </span>
     <span class='ocr_line' id='line_1_12' title="bbox 136 1325 1090 1417; baseline 0 -21"><span class='ocrx_word' id='word_1_87' title='bbox 136 1357 178 1397; x_wconf 91' lang='grc' dir='ltr'><strong><em>να</em></strong></span> <span class='ocrx_word' id='word_1_88' title='bbox 189 1329 254 1417; x_wconf 88' lang='grc' dir='ltr'><strong><em>γάρ</em></strong></span> <span class='ocrx_word' id='word_1_89' title='bbox 266 1325 309 1397; x_wconf 83' lang='grc' dir='ltr'><strong><em>ἀν</em></strong></span> <span class='ocrx_word' id='word_1_90' title='bbox 320 1333 441 1416; x_wconf 84' lang='grc' dir='ltr'><strong><em>νομίζω</em></strong></span> <span class='ocrx_word' id='word_1_91' title='bbox 453 1325 588 1396; x_wconf 79' lang='grc' dir='ltr'><strong><em>τοσαῦτ’</em></strong></span> <span class='ocrx_word' id='word_1_92' title='bbox 605 1325 719 1413; x_wconf 87' lang='grc' dir='ltr'><strong><em>ἀγαθά</em></strong></span> <span class='ocrx_word' id='word_1_93' title='bbox 730 1336 884 1415; x_wconf 83' lang='grc' dir='ltr'><strong><em>ποιῆσαι,</em></strong></span> <span class='ocrx_word' id='word_1_94' title='bbox 907 1327 945 1397; x_wconf 79' lang='grc' dir='ltr'><strong><em>δι’</em></strong></span> <span class='ocrx_word' id='word_1_95' title='bbox 958 1325 998 1397; x_wconf 83' lang='grc' dir='ltr'><strong><em>όν</em></strong></span> <span class='ocrx_word' id='word_1_96' title='bbox 1009 1327 1090 1415; x_wconf 80' lang='grc' dir='ltr'><strong><em>ὑμῖν</em></strong></span> 
     </span>
     <span class='ocr_line' id='line_1_13' title="bbox 136 1423 1090 1514; baseline 0.001 -20"><span class='ocrx_word' id='word_1_97' title='bbox 136 1428 318 1514; x_wconf 76' lang='grc' dir='ltr'><strong><em>προσήκειν</em></strong></span> <span class='ocrx_word' id='word_1_98' title='bbox 336 1429 531 1512; x_wconf 76' lang='grc' dir='ltr'><strong><em>ἐπιορκῆσαι</em></strong></span> <span class='ocrx_word' id='word_1_99' title='bbox 549 1427 603 1493; x_wconf 82' lang='grc' dir='ltr'><strong><em>κοιλ</em></strong></span> <span class='ocrx_word' id='word_1_100' title='bbox 622 1425 696 1513; x_wconf 91' lang='grc' dir='ltr'><strong><em>παρ’</em></strong></span> <span class='ocrx_word' id='word_1_101' title='bbox 710 1423 1017 1513; x_wconf 82' lang='grc' dir='ltr'><strong><em>άφαίνεταιθίκοιια</em></strong></span> <span class='ocrx_word' id='word_1_102' title='bbox 1028 1428 1090 1514; x_wconf 81' lang='grc' dir='ltr'><strong><em>τήν</em></strong></span> 
     </span>
    </p>

    <p class='ocr_par' dir='ltr' id='par_1_4' title="bbox 78 1522 1093 2401">
     <span class='ocr_line' id='line_1_14' title="bbox 78 1522 1091 1612; baseline 0.001 -20"><span class='ocrx_word' id='word_1_103' title='bbox 78 1555 128 1612; x_wconf 79' lang='lat'><strong><em>195</em></strong></span> <span class='ocrx_word' id='word_1_104' title='bbox 137 1533 252 1612; x_wconf 79' lang='grc' dir='ltr'><strong><em>ψῆφον</em></strong></span> <span class='ocrx_word' id='word_1_105' title='bbox 263 1528 398 1593; x_wconf 88' lang='grc' dir='ltr'><strong><em>θέσθαι.</em></strong></span> <span class='ocrx_word' id='word_1_106' title='bbox 427 1526 538 1609; x_wconf 74' lang='grc' dir='ltr'><strong><em>ἐπειδὴ</em></strong></span> <span class='ocrx_word' id='word_1_107' title='bbox 551 1523 587 1591; x_wconf 70' lang='grc' dir='ltr'><strong><em>δὲ</em></strong></span> <span class='ocrx_word' id='word_1_108' title='bbox 598 1527 652 1591; x_wconf 85' lang='grc' dir='ltr'><strong><em>καὶ</em></strong></span> <span class='ocrx_word' id='word_1_109' title='bbox 665 1531 851 1609; x_wconf 80' lang='grc' dir='ltr'><strong><em>φενακίζων</em></strong></span> <span class='ocrx_word' id='word_1_110' title='bbox 862 1527 918 1593; x_wconf 81' lang='grc' dir='ltr'><strong><em>καὶ</em></strong></span> <span class='ocrx_word' id='word_1_111' title='bbox 931 1523 1005 1593; x_wconf 77' lang='grc' dir='ltr'><strong><em>οὐθ’</em></strong></span> <span class='ocrx_word' id='word_1_112' title='bbox 1019 1522 1091 1593; x_wconf 90' lang='grc' dir='ltr'><strong><em>ὁτι-</em></strong></span> 
     </span>
     <span class='ocr_line' id='line_1_15' title="bbox 137 1622 1091 1710; baseline -0.002 -17"><span class='ocrx_word' id='word_1_113' title='bbox 137 1632 201 1693; x_wconf 91' lang='grc' dir='ltr'><strong><em>οῦν</em></strong></span> <span class='ocrx_word' id='word_1_114' title='bbox 213 1622 303 1709; x_wconf 70' lang='grc' dir='ltr'><strong><em>ὑγιὲς</em></strong></span> <span class='ocrx_word' id='word_1_115' title='bbox 313 1623 470 1710; x_wconf 79' lang='grc' dir='ltr'><strong><em>πράττων</em></strong></span> <span class='ocrx_word' id='word_1_116' title='bbox 482 1624 695 1708; x_wconf 80' lang='grc' dir='ltr'><strong><em>ἐξελέγχεται,</em></strong></span> <span class='ocrx_word' id='word_1_117' title='bbox 719 1628 815 1692; x_wconf 78' lang='grc' dir='ltr'><strong><em>δυοῖν</em></strong></span> <span class='ocrx_word' id='word_1_118' title='bbox 832 1622 977 1709; x_wconf 80' lang='grc' dir='ltr'><strong><em>ἀγαθοῖν</em></strong></span> <span class='ocrx_word' id='word_1_119' title='bbox 986 1625 1091 1693; x_wconf 93' lang='grc' dir='ltr'><strong><em>θάτε-</em></strong></span> 
     </span>
     <span class='ocr_line' id='line_1_16' title="bbox 119 1718 1090 1810; baseline -0.002 -19"><span class='ocrx_word' id='word_1_120' title='bbox 119 1748 200 1810; x_wconf 91' lang='grc' dir='ltr'><strong><em>·ρου</em></strong></span> <span class='ocrx_word' id='word_1_121' title='bbox 222 1721 317 1809; x_wconf 84' lang='grc' dir='ltr'><strong><em>ὑμῖν,</em></strong></span> <span class='ocrx_word' id='word_1_122' title='bbox 340 1719 384 1789; x_wconf 85' lang='grc' dir='ltr'><strong><em>ἀν</em></strong></span> <span class='ocrx_word' id='word_1_123' title='bbox 404 1727 699 1807; x_wconf 78' lang='grc' dir='ltr'><strong><em>καταψηφίσησθε,</em></strong></span> <span class='ocrx_word' id='word_1_124' title='bbox 728 1722 947 1809; x_wconf 80' lang='grc' dir='ltr'><strong><em>συμβήσεται·</em></strong></span> <span class='ocrx_word' id='word_1_125' title='bbox 980 1718 1002 1808; x_wconf 74' lang='grc' dir='ltr'><strong><em>ἢ</em></strong></span> <span class='ocrx_word' id='word_1_126' title='bbox 1023 1720 1090 1808; x_wconf 86' lang='grc' dir='ltr'><strong><em>γάρ</em></strong></span> 
     </span>
     <span class='ocr_line' id='line_1_17' title="bbox 139 1815 1090 1907; baseline -0.002 -17"><span class='ocrx_word' id='word_1_127' title='bbox 139 1827 308 1902; x_wconf 74' lang='grc' dir='ltr'><strong><em>ἐξαπατῶν</em></strong></span> <span class='ocrx_word' id='word_1_128' title='bbox 330 1821 509 1907; x_wconf 84' lang='grc' dir='ltr'><strong><em>παύσεται,</em></strong></span> <span class='ocrx_word' id='word_1_129' title='bbox 544 1826 681 1906; x_wconf 88' lang='grc' dir='ltr'><strong><em>νομίσας</em></strong></span> <span class='ocrx_word' id='word_1_130' title='bbox 709 1819 820 1888; x_wconf 88' lang='grc' dir='ltr'><strong><em>ούκέτι</em></strong></span> <span class='ocrx_word' id='word_1_131' title='bbox 845 1820 1045 1906; x_wconf 89' lang='grc' dir='ltr'><strong><em>λανθάνειν,</em></strong></span> <span class='ocrx_word' id='word_1_132' title='bbox 1068 1815 1090 1907; x_wconf 78' lang='grc' dir='ltr'><em>ἢ</em></span> 
     </span>
     <span class='ocr_line' id='line_1_18' title="bbox 139 1915 1091 2011; baseline -0.003 -23"><span class='ocrx_word' id='word_1_133' title='bbox 139 1931 230 2005; x_wconf 91' lang='grc' dir='ltr'><strong><em>είπερ</em></strong></span> <span class='ocrx_word' id='word_1_134' title='bbox 243 1918 333 2011; x_wconf 79' lang='grc' dir='ltr'><strong><em>αύτῷ</em></strong></span> <span class='ocrx_word' id='word_1_135' title='bbox 343 1924 537 2008; x_wconf 78' lang='grc' dir='ltr'><strong><em>βουλομένῳ</em></strong></span> <span class='ocrx_word' id='word_1_136' title='bbox 556 1915 638 2004; x_wconf 87' lang='grc' dir='ltr'><strong><em>πρός</em></strong></span> <span class='ocrx_word' id='word_1_137' title='bbox 651 1916 738 2004; x_wconf 83' lang='grc' dir='ltr'><strong><em>ὑμᾶς</em></strong></span> <span class='ocrx_word' id='word_1_138' title='bbox 754 1923 844 1986; x_wconf 84' lang='grc' dir='ltr'><strong><em>ἐστιν</em></strong></span> <span class='ocrx_word' id='word_1_139' title='bbox 862 1924 989 1997; x_wconf 81' lang='grc' dir='ltr'><strong><em>οἰκείως</em></strong></span> <span class='ocrx_word' id='word_1_140' title='bbox 1005 1924 1091 2004; x_wconf 80' lang='grc' dir='ltr'><strong><em>ἔχειν</em></strong></span> 
     </span>
     <span class='ocr_line' id='line_1_19' title="bbox 138 2015 1093 2105; baseline -0.002 -20"><span class='ocrx_word' id='word_1_141' title='bbox 138 2016 183 2097; x_wconf 86' lang='grc' dir='ltr'><strong><em>ῶς</em></strong></span> <span class='ocrx_word' id='word_1_142' title='bbox 210 2017 361 2105; x_wconf 88' lang='grc' dir='ltr'><strong><em>άληθῶς,</em></strong></span> <span class='ocrx_word' id='word_1_143' title='bbox 394 2016 527 2103; x_wconf 89' lang='grc' dir='ltr'><strong><em>ἀγαθόν</em></strong></span> <span class='ocrx_word' id='word_1_144' title='bbox 554 2045 586 2084; x_wconf 87' lang='grc' dir='ltr'><strong><em>τι</em></strong></span> <span class='ocrx_word' id='word_1_145' title='bbox 611 2032 718 2084; x_wconf 89' lang='grc' dir='ltr'><strong><em>ποιεῖν</em></strong></span> <span class='ocrx_word' id='word_1_146' title='bbox 748 2018 952 2103; x_wconf 89' lang='grc' dir='ltr'><strong><em>πειράσεται,</em></strong></span> <span class='ocrx_word' id='word_1_147' title='bbox 989 2015 1093 2103; x_wconf 86' lang='grc' dir='ltr'><strong><em>γνούς</em></strong></span> 
     </span>
     <span class='ocr_line' id='line_1_20' title="bbox 138 2112 1092 2206; baseline -0.002 -22"><span class='ocrx_word' id='word_1_148' title='bbox 138 2116 190 2185; x_wconf 86' lang='grc' dir='ltr'><strong><em>ὅτι</em></strong></span> <span class='ocrx_word' id='word_1_149' title='bbox 201 2123 246 2206; x_wconf 77' lang='grc' dir='ltr'><strong><em>τῷ</em></strong></span> <span class='ocrx_word' id='word_1_150' title='bbox 260 2121 448 2201; x_wconf 78' lang='grc' dir='ltr'><strong><em>φενακίζειν</em></strong></span> <span class='ocrx_word' id='word_1_151' title='bbox 459 2112 573 2183; x_wconf 81' lang='grc' dir='ltr'><strong><em>οὐκέθ’</em></strong></span> <span class='ocrx_word' id='word_1_152' title='bbox 587 2112 776 2202; x_wconf 80' lang='grc' dir='ltr'><strong><em>ἀβούλεται</em></strong></span> <span class='ocrx_word' id='word_1_153' title='bbox 789 2115 913 2198; x_wconf 85' lang='grc' dir='ltr'><strong><em>πράξει.</em></strong></span> <span class='ocrx_word' id='word_1_154' title='bbox 941 2113 1025 2183; x_wconf 71' lang='grc' dir='ltr'><strong><em>ὥστε</em></strong></span> <span class='ocrx_word' id='word_1_155' title='bbox 1036 2118 1092 2182; x_wconf 80' lang='grc' dir='ltr'><strong><em>καί</em></strong></span> 
     </span>
     <span class='ocr_line' id='line_1_21' title="bbox 138 2212 1092 2302; baseline -0.004 -18"><span class='ocrx_word' id='word_1_156' title='bbox 138 2223 168 2284; x_wconf 89' lang='grc' dir='ltr'><strong><em>εί</em></strong></span> <span class='ocrx_word' id='word_1_157' title='bbox 177 2214 258 2302; x_wconf 75' lang='grc' dir='ltr'><strong><em>μηδὲ</em></strong></span> <span class='ocrx_word' id='word_1_158' title='bbox 271 2212 308 2282; x_wconf 76' lang='grc' dir='ltr'><strong><em>δι’</em></strong></span> <span class='ocrx_word' id='word_1_159' title='bbox 323 2218 360 2282; x_wconf 76' lang='grc' dir='ltr'><strong><em>ἓν</em></strong></span> <span class='ocrx_word' id='word_1_160' title='bbox 370 2222 438 2284; x_wconf 90' lang='grc' dir='ltr'><strong><em>τῶν</em></strong></span> <span class='ocrx_word' id='word_1_161' title='bbox 456 2213 584 2300; x_wconf 88' lang='grc' dir='ltr'><strong><em>ἀλλων,</em></strong></span> <span class='ocrx_word' id='word_1_162' title='bbox 608 2213 662 2282; x_wconf 80' lang='grc' dir='ltr'><strong><em>ῦιά</em></strong></span> <span class='ocrx_word' id='word_1_163' title='bbox 678 2221 777 2283; x_wconf 90' lang='grc' dir='ltr'><strong><em>τοῦτο</em></strong></span> <span class='ocrx_word' id='word_1_164' title='bbox 797 2220 1092 2300; x_wconf 81' lang='grc' dir='ltr'><strong><em>καταψηφίσασθαι</em></strong></span> 
     </span>
     <span class='ocr_line' id='line_1_22' title="bbox 139 2317 308 2401; baseline -0.012 -19"><span class='ocrx_word' id='word_1_165' title='bbox 139 2317 308 2401; x_wconf 88' lang='grc' dir='ltr'><strong><em>συμφέρει.</em></strong></span> 
     </span>
    </p>

    <p class='ocr_par' dir='ltr' id='par_1_5' title="bbox 79 2405 1131 3385">
     <span class='ocr_line' id='line_1_23' title="bbox 79 2405 1093 2498; baseline -0.005 -17"><span class='ocrx_word' id='word_1_166' title='bbox 79 2441 129 2498; x_wconf 74' lang='grc' dir='ltr'><strong><em>ιρς</em></strong></span> <span class='ocrx_word' id='word_1_167' title='bbox 213 2412 468 2495; x_wconf 80' lang='grc' dir='ltr'><strong><em>’Ἀξιοντοίυυυ,</em></strong></span> <span class='ocrx_word' id='word_1_168' title='bbox 491 2405 519 2479; x_wconf 72' lang='grc' dir='ltr'><strong><em>οἶ</em></strong></span> <span class='ocrx_word' id='word_1_169' title='bbox 531 2412 650 2496; x_wconf 75' lang='grc' dir='ltr'><strong><em>ἀνδρες</em></strong></span> <span class='ocrx_word' id='word_1_170' title='bbox 665 2410 853 2498; x_wconf 88' lang='grc' dir='ltr'><strong><em>Ἀθηναῖοι,</em></strong></span> <span class='ocrx_word' id='word_1_171' title='bbox 878 2407 1011 2477; x_wconf 86' lang='grc' dir='ltr'><strong><em>κάκεῖνο</em></strong></span> <span class='ocrx_word' id='word_1_172' title='bbox 1022 2410 1093 2489; x_wconf 82' lang='grc' dir='ltr'><strong><em>ἐξε-</em></strong></span> 
     </span>
     <span class='ocr_line' id='line_1_24' title="bbox 138 2506 1131 2596; baseline -0.003 -18"><span class='ocrx_word' id='word_1_173' title='bbox 138 2513 235 2578; x_wconf 91' lang='grc' dir='ltr'><strong><em>τάσαι</em></strong></span> <span class='ocrx_word' id='word_1_174' title='bbox 246 2519 315 2590; x_wconf 88' lang='grc' dir='ltr'><strong><em>πῶς</em></strong></span> <span class='ocrx_word' id='word_1_175' title='bbox 324 2510 401 2578; x_wconf 90' lang='grc' dir='ltr'><strong><em>ποθ’</em></strong></span> <span class='ocrx_word' id='word_1_176' title='bbox 415 2514 449 2577; x_wconf 94' lang='grc' dir='ltr'><strong><em>οί</em></strong></span> <span class='ocrx_word' id='word_1_177' title='bbox 463 2510 566 2578; x_wconf 87' lang='grc' dir='ltr'><strong><em>πάλαι</em></strong></span> <span class='ocrx_word' id='word_1_178' title='bbox 577 2509 635 2589; x_wconf 84' lang='grc' dir='ltr'><strong><em>τάς</em></strong></span> <span class='ocrx_word' id='word_1_179' title='bbox 654 2507 748 2595; x_wconf 86' lang='grc' dir='ltr'><strong><em>τιμάς</em></strong></span> <span class='ocrx_word' id='word_1_180' title='bbox 759 2515 879 2596; x_wconf 83' lang='grc' dir='ltr'><strong><em>ἔνεμον</em></strong></span> <span class='ocrx_word' id='word_1_181' title='bbox 888 2510 943 2577; x_wconf 83' lang='grc' dir='ltr'><strong><em>καὶ</em></strong></span> <span class='ocrx_word' id='word_1_182' title='bbox 955 2506 1013 2587; x_wconf 84' lang='grc' dir='ltr'><strong><em>τάς</em></strong></span> <span class='ocrx_word' id='word_1_183' title='bbox 1025 2512 1131 2584; x_wconf 73' lang='grc' dir='ltr'><strong><em>τίω-68</em></strong></span> 
     </span>
     <span class='ocr_line' id='line_1_25' title="bbox 139 2605 1093 2695; baseline -0.003 -19"><span class='ocrx_word' id='word_1_184' title='bbox 139 2608 216 2692; x_wconf 84' lang='grc' dir='ltr'><strong><em>ρεάς</em></strong></span> <span class='ocrx_word' id='word_1_185' title='bbox 226 2623 294 2687; x_wconf 87' lang='grc' dir='ltr'><strong><em>τοῖς</em></strong></span> <span class='ocrx_word' id='word_1_186' title='bbox 305 2605 350 2687; x_wconf 83' lang='grc' dir='ltr'><strong><em>ῶς</em></strong></span> <span class='ocrx_word' id='word_1_187' title='bbox 360 2605 496 2694; x_wconf 90' lang='grc' dir='ltr'><strong><em>άληθῶς</em></strong></span> <span class='ocrx_word' id='word_1_188' title='bbox 508 2607 710 2695; x_wconf 80' lang='grc' dir='ltr'><strong><em>εὐεργέταις,</em></strong></span> <span class='ocrx_word' id='word_1_189' title='bbox 732 2611 788 2678; x_wconf 84' lang='grc' dir='ltr'><strong><em>καί</em></strong></span> <span class='ocrx_word' id='word_1_190' title='bbox 800 2608 873 2676; x_wconf 86' lang='grc' dir='ltr'><strong><em>ὅσοι</em></strong></span> <span class='ocrx_word' id='word_1_191' title='bbox 890 2617 1021 2677; x_wconf 88' lang='grc' dir='ltr'><strong><em>πολῖται</em></strong></span> <span class='ocrx_word' id='word_1_192' title='bbox 1030 2606 1093 2675; x_wconf 87' lang='grc' dir='ltr'><strong><em>τύ-</em></strong></span> 
     </span>
     <span class='ocr_line' id='line_1_26' title="bbox 138 2704 1093 2794; baseline -0.002 -19"><span class='ocrx_word' id='word_1_193' title='bbox 138 2734 227 2793; x_wconf 90' lang='grc' dir='ltr'><strong><em>χοιεν</em></strong></span> <span class='ocrx_word' id='word_1_194' title='bbox 250 2707 344 2787; x_wconf 85' lang='grc' dir='ltr'><strong><em>ὄντες</em></strong></span> <span class='ocrx_word' id='word_1_195' title='bbox 365 2710 420 2775; x_wconf 82' lang='grc' dir='ltr'><strong><em>καὶ</em></strong></span> <span class='ocrx_word' id='word_1_196' title='bbox 442 2706 516 2775; x_wconf 85' lang='grc' dir='ltr'><strong><em>όσοι</em></strong></span> <span class='ocrx_word' id='word_1_197' title='bbox 537 2712 632 2788; x_wconf 84' lang='grc' dir='ltr'><strong><em>ξένοι.</em></strong></span> <span class='ocrx_word' id='word_1_198' title='bbox 672 2704 737 2776; x_wconf 79' lang='grc' dir='ltr'><strong><em>κόν</em></strong></span> <span class='ocrx_word' id='word_1_199' title='bbox 758 2707 818 2794; x_wconf 75' lang='grc' dir='ltr'><strong><em>μὲν</em></strong></span> <span class='ocrx_word' id='word_1_200' title='bbox 839 2704 921 2793; x_wconf 80' lang='grc' dir='ltr'><strong><em>ίῦητ’</em></strong></span> <span class='ocrx_word' id='word_1_201' title='bbox 945 2710 1093 2785; x_wconf 88' lang='grc' dir='ltr'><strong><em>ἐκείνους</em></strong></span> 
     </span>
     <span class='ocr_line' id='line_1_27' title="bbox 139 2801 1093 2894; baseline -0.002 -21"><span class='ocrx_word' id='word_1_202' title='bbox 139 2807 276 2893; x_wconf 89' lang='grc' dir='ltr'><strong><em>ἀμεινον</em></strong></span> <span class='ocrx_word' id='word_1_203' title='bbox 288 2806 400 2894; x_wconf 89' lang='grc' dir='ltr'><strong><em>ύμῶυ,</em></strong></span> <span class='ocrx_word' id='word_1_204' title='bbox 419 2806 524 2876; x_wconf 87' lang='grc' dir='ltr'><strong><em>καλὸν</em></strong></span> <span class='ocrx_word' id='word_1_205' title='bbox 533 2806 571 2875; x_wconf 86' lang='grc' dir='ltr'><strong><em>τό</em></strong></span> <span class='ocrx_word' id='word_1_206' title='bbox 582 2807 810 2894; x_wconf 81' lang='grc' dir='ltr'><strong><em>μιμήσασθαι,</em></strong></span> <span class='ocrx_word' id='word_1_207' title='bbox 832 2803 875 2872; x_wconf 87' lang='grc' dir='ltr'><strong><em>ἀν</em></strong></span> <span class='ocrx_word' id='word_1_208' title='bbox 886 2803 918 2872; x_wconf 79' lang='grc' dir='ltr'><strong><em>δ’</em></strong></span> <span class='ocrx_word' id='word_1_209' title='bbox 931 2802 1018 2890; x_wconf 88' lang='grc' dir='ltr'><strong><em>ύμάς</em></strong></span> <span class='ocrx_word' id='word_1_210' title='bbox 1029 2801 1093 2872; x_wconf 86' lang='grc' dir='ltr'><strong><em>αύ-</em></strong></span> 
     </span>
     <span class='ocr_line' id='line_1_28' title="bbox 138 2900 1093 2991; baseline -0.003 -20"><span class='ocrx_word' id='word_1_211' title='bbox 138 2901 232 2991; x_wconf 84' lang='grc' dir='ltr'><strong><em>τούς,</em></strong></span> <span class='ocrx_word' id='word_1_212' title='bbox 252 2902 303 2989; x_wconf 84' lang='grc' dir='ltr'><strong><em>έφ’</em></strong></span> <span class='ocrx_word' id='word_1_213' title='bbox 315 2900 396 2990; x_wconf 87' lang='grc' dir='ltr'><strong><em>ύμῖν</em></strong></span> <span class='ocrx_word' id='word_1_214' title='bbox 408 2910 498 2973; x_wconf 82' lang='grc' dir='ltr'><strong><em>ἔσται</em></strong></span> <span class='ocrx_word' id='word_1_215' title='bbox 508 2903 545 2973; x_wconf 85' lang='grc' dir='ltr'><strong><em>τό</em></strong></span> <span class='ocrx_word' id='word_1_216' title='bbox 558 2907 724 2990; x_wconf 88' lang='grc' dir='ltr'><strong><em>πράττειν.</em></strong></span> <span class='ocrx_word' id='word_1_217' title='bbox 759 2912 892 2990; x_wconf 88' lang='grc' dir='ltr'><strong><em>πρῶτον</em></strong></span> <span class='ocrx_word' id='word_1_218' title='bbox 904 2903 966 2991; x_wconf 73' lang='grc' dir='ltr'><strong><em>μὲν</em></strong></span> <span class='ocrx_word' id='word_1_219' title='bbox 975 2907 1093 2973; x_wconf 84' lang='grc' dir='ltr'><strong><em>τοίνυν</em></strong></span> 
     </span>
     <span class='ocr_line' id='line_1_29' title="bbox 139 3001 1093 3092; baseline -0.004 -22"><span class='ocrx_word' id='word_1_220' title='bbox 139 3006 257 3072; x_wconf 80' lang='grc' dir='ltr'><strong><em>ἐκεῖνον</em></strong></span> <span class='ocrx_word' id='word_1_221' title='bbox 268 3009 490 3092; x_wconf 77' lang='grc' dir='ltr'><strong><em>Θεμιστοκλέα</em></strong></span> <span class='ocrx_word' id='word_1_222' title='bbox 507 3001 568 3072; x_wconf 87' lang='grc' dir='ltr'><strong><em>τόν</em></strong></span> <span class='ocrx_word' id='word_1_223' title='bbox 589 3005 651 3091; x_wconf 79' lang='grc' dir='ltr'><strong><em>την</em></strong></span> <span class='ocrx_word' id='word_1_224' title='bbox 668 3008 706 3072; x_wconf 91' lang='grc' dir='ltr'><strong><em>έν</em></strong></span> <span class='ocrx_word' id='word_1_225' title='bbox 722 3011 889 3089; x_wconf 90' lang='grc' dir='ltr'><strong><em>Σαλαμῖνι</em></strong></span> <span class='ocrx_word' id='word_1_226' title='bbox 904 3006 1093 3086; x_wconf 84' lang='grc' dir='ltr'><strong><em>ναυμαχίαν</em></strong></span> 
     </span>
     <span class='ocr_line' id='line_1_30' title="bbox 138 3100 1093 3189; baseline -0.002 -22"><span class='ocrx_word' id='word_1_227' title='bbox 138 3101 320 3187; x_wconf 80' lang='grc' dir='ltr'><strong><em>νικήσαντα</em></strong></span> <span class='ocrx_word' id='word_1_228' title='bbox 337 3106 392 3171; x_wconf 83' lang='grc' dir='ltr'><strong><em>καὶ</em></strong></span> <span class='ocrx_word' id='word_1_229' title='bbox 409 3101 600 3189; x_wconf 81' lang='grc' dir='ltr'><strong><em>Μιλτιάθην</em></strong></span> <span class='ocrx_word' id='word_1_230' title='bbox 619 3100 680 3171; x_wconf 86' lang='grc' dir='ltr'><strong><em>τόν</em></strong></span> <span class='ocrx_word' id='word_1_231' title='bbox 694 3100 886 3188; x_wconf 82' lang='grc' dir='ltr'><strong><em>ἡγούμενον</em></strong></span> <span class='ocrx_word' id='word_1_232' title='bbox 897 3105 1093 3186; x_wconf 75' lang='grc' dir='ltr'><strong><em>Μαραθῶνι</em></strong></span> 
     </span>
     <span class='ocr_line' id='line_1_31' title="bbox 138 3195 1093 3287; baseline -0.002 -22"><span class='ocrx_word' id='word_1_233' title='bbox 138 3200 194 3265; x_wconf 81' lang='grc' dir='ltr'><strong><em>καί</em></strong></span> <span class='ocrx_word' id='word_1_234' title='bbox 206 3200 350 3279; x_wconf 85' lang='grc' dir='ltr'><strong><em>πολλοῦς</em></strong></span> <span class='ocrx_word' id='word_1_235' title='bbox 361 3199 493 3284; x_wconf 88' lang='grc' dir='ltr'><strong><em>ἀλλους,</em></strong></span> <span class='ocrx_word' id='word_1_236' title='bbox 505 3198 569 3269; x_wconf 92' lang='grc' dir='ltr'><strong><em>ούκ</em></strong></span> <span class='ocrx_word' id='word_1_237' title='bbox 581 3210 636 3269; x_wconf 88' lang='grc' dir='ltr'><strong><em>ίσα</em></strong></span> <span class='ocrx_word' id='word_1_238' title='bbox 648 3214 717 3280; x_wconf 88' lang='grc' dir='ltr'><strong><em>τοῖς</em></strong></span> <span class='ocrx_word' id='word_1_239' title='bbox 728 3209 793 3268; x_wconf 88' lang='grc' dir='ltr'><strong><em>νῦν</em></strong></span> <span class='ocrx_word' id='word_1_240' title='bbox 804 3213 997 3287; x_wconf 88' lang='grc' dir='ltr'><strong><em>στρατηγοῖς</em></strong></span> <span class='ocrx_word' id='word_1_241' title='bbox 1007 3195 1093 3282; x_wconf 87' lang='grc' dir='ltr'><strong><em>ἀγα-</em></strong></span> 
     </span>
     <span class='ocr_line' id='line_1_32' title="bbox 138 3294 1094 3385; baseline 0 -23"><span class='ocrx_word' id='word_1_242' title='bbox 138 3305 186 3363; x_wconf 84' lang='grc' dir='ltr'><strong><em>θα</em></strong></span> <span class='ocrx_word' id='word_1_243' title='bbox 199 3303 451 3384; x_wconf 82' lang='grc' dir='ltr'><strong><em>εἰργασμένους,</em></strong></span> <span class='ocrx_word' id='word_1_244' title='bbox 473 3298 515 3367; x_wconf 88' lang='grc' dir='ltr'><strong><em>οῦ</em></strong></span> <span class='ocrx_word' id='word_1_245' title='bbox 526 3305 669 3385; x_wconf 82' lang='grc' dir='ltr'><strong><em>χαλκοῦς</em></strong></span> <span class='ocrx_word' id='word_1_246' title='bbox 679 3301 819 3366; x_wconf 79' lang='grc' dir='ltr'><strong><em>ἵστασαν</em></strong></span> <span class='ocrx_word' id='word_1_247' title='bbox 834 3295 908 3365; x_wconf 81' lang='grc' dir='ltr'><strong><em>οὐθ’</em></strong></span> <span class='ocrx_word' id='word_1_248' title='bbox 923 3294 1094 3381; x_wconf 85' lang='grc' dir='ltr'><strong><em>ὑπερηγά-</em></strong></span> 
     </span>
    </p>

    <p class='ocr_par' dir='ltr' id='par_1_6' title="bbox 79 3393 1094 3481">
     <span class='ocr_line' id='line_1_33' title="bbox 79 3393 1094 3481; baseline -0.003 -18"><span class='ocrx_word' id='word_1_249' title='bbox 79 3413 129 3474; x_wconf 65' lang='lat'><strong><em>19⁷</em></strong></span> <span class='ocrx_word' id='word_1_250' title='bbox 141 3417 214 3463; x_wconf 86' lang='grc' dir='ltr'><strong><em>πων</em></strong></span> <span class='ocrx_word' id='word_1_251' title='bbox 257 3393 320 3462; x_wconf 91' lang='grc' dir='ltr'><strong><em>οῦκ</em></strong></span> <span class='ocrx_word' id='word_1_252' title='bbox 333 3395 398 3480; x_wconf 88' lang='grc' dir='ltr'><strong><em>ἀρα</em></strong></span> <span class='ocrx_word' id='word_1_253' title='bbox 410 3412 476 3477; x_wconf 87' lang='grc' dir='ltr'><strong><em>τοῖς</em></strong></span> <span class='ocrx_word' id='word_1_254' title='bbox 487 3394 627 3475; x_wconf 85' lang='grc' dir='ltr'><strong><em>ἑαυτούς</em></strong></span> <span class='ocrx_word' id='word_1_255' title='bbox 638 3394 771 3481; x_wconf 87' lang='grc' dir='ltr'><strong><em>ἀγαθόν</em></strong></span> <span class='ocrx_word' id='word_1_256' title='bbox 788 3424 820 3463; x_wconf 87' lang='grc' dir='ltr'><strong><em>τι</em></strong></span> <span class='ocrx_word' id='word_1_257' title='bbox 830 3403 986 3464; x_wconf 89' lang='grc' dir='ltr'><strong><em>ποιοῦσιν</em></strong></span> <span class='ocrx_word' id='word_1_258' title='bbox 997 3393 1094 3480; x_wconf 90' lang='grc' dir='ltr'><strong><em>χάριν</em></strong></span> 
     </span>
    </p>
   </div>
   <div class='ocr_carea' id='block_1_3' title="bbox 0 0 1190 3854">
    <p class='ocr_par' dir='ltr' id='par_1_7' title="bbox 0 0 1190 3854">
     <span class='ocr_line' id='line_1_34' title="bbox 0 0 1190 3854; baseline 0 0"><span class='ocrx_word' id='word_1_259' title='bbox 0 0 1190 3854; x_wconf 95' lang='lat' dir='ltr'><strong><em> </em></strong></span> 
     </span>
    </p>
   </div>
  </div>
 </body>
</html>
