2370 3854
164 231 226 294 340
364 231 459 287 xxlx.
503 224 920 286 ΔΗΜΟΣΘΕΝΟΥΣ

164 398 336 477 ραλαβεῖν,
358 384 439 457 καθ’
455 387 596 453 ἕκαστον
611 381 692 471 ὑμῖν
709 387 889 468 παρέξομαι
905 382 982 461 τούς
992 382 1121 468 μάρου·

164 516 232 575 ρας.
256 494 314 556 καί
322 513 378 572 μοι
388 483 481 552 κάλει
493 481 584 563 δεῦρ’
599 480 730 560 αὐτούς.

515 631 765 693 ΜΑΡΤΤΡΕΣ.

121 771 155 825 19
240 741 279 813 u0
291 750 421 826 τοίνυν,
441 733 599 824 οδόὶνδρες
609 740 775 825 δικασταὶ,
799 738 935 805 πάντων
945 745 1014 804 τιόν
1026 744 1121 827 είρη-

164 846 275 930 μένων
296 841 386 926 οἶμαι
406 842 562 925 μέγιστον
584 835 665 922 ύμῖν
675 840 764 923 ἐρεῖν
785 851 922 924 σημεῖον
941 843 1003 904 τοῦ
1019 834 1117 905 ταῦτ’

165 941 412 1024 ἀποκρίνασθαι
422 944 557 1020 τοῦτον,
571 936 735 1021 βούλομαι
745 940 899 1003 διελθεῖν.
928 935 1038 1022 ἐπειδὴ
1050 934 1118 1022 γάρ

165 1039 270 1126 ἐξῄτει
285 1062 326 1122 με
342 1033 402 1101 τόν
413 1032 598 1119 ἄνθρωπον
610 1031 713 1100 ταῦθ’
727 1031 946 1119 ὡμολογηκώς
957 1029 980 1099 δι’
990 1058 1121 1119 μεμαρ-

165 1137 317 1222 τύρηται,
329 1132 533 1220 βουλόμενος
543 1135 599 1200 καὶ
608 1130 700 1199 τοῦτ’
715 1130 818 1199 αύτόν
831 1135 993 1215 ἐξελέγξαι
1002 1133 1122 1217 τεχνά-

123 1257 158 1310 20
167 1241 262 1316 ζοντα
273 1240 307 1301 τί
315 1239 400 1300 ποιά
407 1260 417 1313 ς
429 1238 658 1316 προκαλοῦμαι
669 1228 752 1299 κατὰ
762 1231 928 1317 Δήμωνος
940 1236 985 1310 είς
995 1257 1123 1318 μαρτυ·

167 1340 253 1417 ρίαν,
263 1330 360 1409 όντος
371 1329 462 1418 αὐτῷ
473 1337 570 1397 θείου
580 1333 636 1398 καί
645 1337 811 1398 κοινωνοῦ
820 1337 888 1398 τοῖν
900 1328 1122 1415 ἀδικημάτων,

167 1433 222 1499 καὶ
234 1429 429 1515 συγγράψας
439 1426 532 1496 ταῦτ’
546 1431 701 1496 ἐκέλευον
712 1443 892 1513 μαρτυρεῖν
918 1426 940 1495 δι’
964 1437 1031 1496 νῦν
1043 1428 1124 1497 διιό«

167 1555 218 1597 κει
239 1538 306 1596 τοῖν
328 1530 633 1612 ψευδομαρτυριῶν.
668 1518 766 1606 οὗτος
787 1527 822 1595 δὲ
843 1525 880 1594 τό
906 1530 967 1612 μὲν
988 1534 1125 1610 πρῶτον

169 1624 504 1714 ιἰτιηναισχύντει,τού
515 1625 550 1693 δὲ
562 1629 730 1711 διαιτητοῦ
740 1625 934 1704 κελεύοντος
944 1640 1125 1712 μαρτυρεῖν

168 1723 189 1812 ἢ
208 1724 379 1811 ἐξομνύειν
396 1722 600 1811 ἐμαρτύρησε
618 1725 709 1791 τιάνυ
726 1724 830 1809 μόλις.
863 1732 970 1792 καίτοι
988 1735 1021 1793 εί
1033 1723 1065 1811 γ’
1081 1718 1126 1811 ἦν

170 1829 289 1901 δοῦλος
310 1820 490 1905 ἅνθρωπος
512 1824 567 1889 καὶ
588 1821 631 1908 μὴ
656 1821 913 1909 προωμολόγητο
930 1821 1013 1905 πρός
1028 1822 1125 1891 τοῦδ’

170 1922 347 2002 ἐλεύθερος
358 1917 458 2004 εἶναι,
469 1924 504 1986 τί
510 1920 632 1988 παθῶν
644 1923 879 2010 ἐμαρτύρησεν,
892 1921 966 1991 ἀλλ’
979 1919 1042 1991 οὐκ
1053 1925 1127 2004 ἐξο-

127 2043 156 2096 21
170 2021 274 2106 μόσας
291 2016 463 2105 ἀπηλλάγη
480 2026 541 2087 τοῦ
559 2020 765 2106 κράγματος;
788 2019 872 2089 ἀλλὰ
891 2023 1029 2108 μήνκαὶ
1051 2025 1126 2107 περὶ

169 2119 299 2188 τούτων
314 2117 441 2204 ἤθελον
459 2122 667 2201 παραδοῦναι
684 2118 744 2187 τόν
763 2125 865 2188 παῖδα
881 2120 942 2188 τὸν
951 2121 1127 2207 γράφοντα

169 2218 232 2306 τὴν
248 2225 449 2305 μαρτυρίαν,
473 2216 509 2296 ὃς
525 2219 566 2286 τά
582 2244 617 2285 τε
633 2217 800 2306 γράμματ’
812 2225 924 2305 ἔμελλε
934 2220 1129 2306 γνόσεσθαι

169 2318 209 2385 τά
221 2320 343 2385 ἑαυτοῦ
365 2317 419 2386 καὶ
437 2325 557 2384 τούτου
568 2318 792 2404 ἐμνημόνευεν
802 2316 947 2406 ἀκριβῶς
956 2319 1129 2406 μαρτυρη-

170 2438 274 2485 σαντα
291 2425 403 2483 ταῦτα.
434 2419 489 2485 καλ
505 2415 599 2484 ταῦτ’
618 2416 745 2502 ἤθελον
760 2415 834 2503 οὐχὶ
849 2417 1030 2505 μαρτύρων
1040 2415 1128 2487 άκο-

172 2523 241 2601 ρων
260 2521 293 2582 οἳ
308 2522 475 2600 παρῇσαν·
502 2507 589 2599 ἦσαν
605 2515 684 2599 γάρ·
704 2513 778 2583 ἀλλ’
797 2520 852 2582 ἵνα
868 2515 912 2601 μη
923 2515 1063 2594 τούτους
1075 2523 1129 2585 αί-

171 2623 268 2704 τιῷτο
285 2612 325 2681 τά
336 2618 444 2698 ψευδῆ
455 2627 652 2699 μαρτυρεῖν,
675 2612 758 2680 ἀλλὰ
768 2611 804 2681 τό
819 2612 937 2681 πιστόν
949 2618 984 2681 ἐκ
995 2623 1053 2699 τῆς
1062 2622 1129 2702 βοι-

172 2715 279 2781 σάνου
296 2711 426 2789 τούτοις
443 2709 595 2796 ὑπάρχοι.
627 2707 733 2779 καίτοι
751 2721 820 2790 ταῖς
838 2711 932 2792 ἄξιόν
943 2715 1013 2781 ἐστι
1023 2740 1127 2783 κατοι-
1135 2736 1182 2793 851

170 2818 299 2897 γνῶναι
308 2817 376 2876 τῶν
386 2808 566 2893 μαρτύρων
577 2808 631 2875 διά
643 2817 753 2894 τοῦτο,
764 2817 798 2878 οἳ
807 2809 905 2895 μόνοι
917 2820 985 2878 τῶν
996 2811 1125 2880 πώποτ’

170 2908 408 3001 ἠγωνισμένων
419 2910 515 2992 δίκην
526 2908 563 2974 ἐν
574 2904 654 2994 ὑμῖν
665 2906 726 2975 τόν
737 2905 885 2976 διώκοντ’
899 2907 1003 2978 αὐτόν
1013 2908 1128 2990 αὑτοῖς

172 3007 322 3095 μάρτυρα
348 3007 477 3074 τούτων
505 3005 751 3075 ἐπιδεικνύουσι
772 3012 1008 3095 γεγενημένους
1041 3007 1127 3077 ἄλλά

171 3106 239 3193 μὴν
251 3102 295 3184 ὥς
306 3102 418 3191 άληθη
427 3106 512 3191 λε’γω
519 3155 529 3190 ,
546 3105 626 3194 λαβὲ
635 3104 698 3192 τὴν
708 3104 892 3195 πρόκλησιν
902 3109 957 3175 καὶ
968 3106 1030 3194 τὴν
1040 3132 1126 3193 μαρ-

172 3210 299 3287 τυρίαν.

374 3328 650 3390 ΠΡΟΚΛΗΣΙΣ.
679 3326 920 3387 ΜΑΡΤΤΡΙΑ.

130 3449 165 3501 22
261 3440 447 3519 Τηλικαῦτα
458 3443 573 3504 τοίνυν
584 3440 694 3511 δίκαια
705 3435 825 3521 φυγών
837 3424 943 3514 οὗτος,
955 3433 1010 3501 καί
1022 3435 1058 3501 ἐκ
1069 3459 1122 3501 το·
