2370 3854
119 225 162 289 26
334 228 393 287 XX.
432 225 851 289 ΔΗΜΟΣΘΕΝΟῬΣ

121 389 251 467 έλιπενς
273 383 337 471 ἐγώ
354 386 417 472 μὲν
435 383 498 453 οὐκ
522 383 623 471 οἶμαι.
654 387 709 454 καί
720 386 784 471 γάρ
804 381 847 454 άν
865 384 990 470 άλογον
1006 393 1074 471 είη·

121 489 201 571 μίαν
210 483 271 570 μὲν
282 485 381 553 πάλιν
392 481 603 553 είάπώλεσεν
619 479 643 570 ἢ
660 492 744 563 ναῦς
762 486 841 553 δέκα
858 483 976 570 μόνας,
1000 484 1076 568 περὶ

120 587 300 667 προδοσίας
317 579 360 650 άν
377 579 481 650 αὐτὸν
501 580 716 668 εἰσήγγελλον
733 574 843 664 οὗτοι,
864 582 920 649 καί
935 586 966 648 εί
976 580 1074 665 ε’άλω,

78 679 181 752 ὃθτδν
196 678 316 749 ἅπαντ’
335 676 379 749 άν
391 681 565 750 ἀπωλώλει
576 678 716 765 χρόνον·
740 676 852 764 ἐπειδὴ
872 679 908 747 δὲ
929 675 1077 746 τούναν-

119 785 192 848 τίον
213 780 430 848 ἑπτακαίδεκα
450 778 511 864 μὲν
532 779 643 857 πόλεις
663 774 766 864 εἷλεν,
790 777 1016 866 ἑβδομήκοντα
1038 777 1075 847 δὲ

121 884 204 956 ναῦς
220 883 334 964 ἔλαβε,
356 883 555 962 τρισχιλίους
571 873 603 943 δ’
617 877 861 961 αἰχμαλώτους,
882 880 960 944 δέκα
973 876 1009 944 δέ
1019 877 1076 945 καὶ

120 972 241 1044 εἰιατδν
255 973 391 1042 τάλαντ’
408 971 573 1060 άπέφηνε,
596 983 741 1042 τοσαῦτα
753 974 785 1042 δ’
797 981 911 1062 ἔστησε
921 973 1074 1061 τρόπαια,

120 1080 301 1160 τηνικαῦτα
313 1071 344 1139 δ’
360 1069 421 1140 οὐκ
433 1077 523 1139 ἔσται
534 1068 624 1158 κώρι’
638 1071 729 1163 αὐτῷ
739 1070 779 1140 τά
791 1069 920 1140 δοθέντ’
932 1070 1075 1139 ἐπίτοά-

119 1196 196 1249 τοις.
220 1168 363 1257 καὶμὴν,
378 1164 405 1238 ώ
416 1169 534 1257 ἄνδρες
543 1168 723 1257 Ἀθηναῖοι,
735 1174 789 1240 καὶ
801 1178 866 1253 §aiv
876 1167 976 1239 πάνθ’
989 1168 1074 1258 ὑπὲρ

119 1265 217 1355 ὑμῶν
236 1268 419 1355 φανήσεται
435 1268 561 1354 πράξας
576 1275 740 1358 Χαβρίας,
752 1273 818 1337 ’καὶ
837 1268 899 1355 την
916 1265 1075 1355 τελευτὴν

120 1364 226 1454 αὐτην
247 1375 309 1434 τοῦ
329 1373 407 1455 βίου
428 1371 646 1455 πεποιημένος
668 1365 729 1455 οὐχ
750 1365 834 1452 ὑπὲρ
851 1366 956 1434 άλλου
971 1366 1074 1450 τινὸς,

121 1464 204 1532 ώστε
222 1468 355 1544 δικαίως
371 1460 415 1532 άν
434 1464 476 1534 οὐ
493 1468 600 1552 μόνον
616 1465 671 1534 διά
692 1465 729 1534 τά
747 1472 843 1547 ζώντι
860 1468 1075 1552 πεπραγμένα

122 1568 299 1647 φαίνοισθε
311 1561 471 1642 εὐνοίκώς
482 1568 683 1650 διακείμενοι
694 1565 777 1650 πρὸς
787 1564 847 1633 τὸν
862 1565 939 1632 υίόν
957 1563 1074 1649 αὐτοῦ,

78 1683 110 1739 81
122 1657 205 1729 άλλά
221 1661 276 1727 καὶ
293 1656 347 1727 διά
362 1660 497 1748 ταύτην.
529 1660 622 1741 άξιον
639 1669 770 1746 τοίνυν,
793 1655 821 1729 ώ
841 1660 961 1747 άνδρες
972 1660 1076 1748 Ἀθη-

121 1775 224 1847 ναῖοι,
236 1757 369 1828 κάκεῑνο
381 1774 528 1845 σκοπεῖν,
540 1758 630 1839 ὅπως
639 1759 684 1848 μη
697 1762 899 1847 φανούμεθα
909 1758 1075 1846 φαυλότε-

120 1867 271 1944 ροιΧίων
281 1857 443 1944 περίτοάς
455 1857 626 1944 εὐεργέτας
637 1864 858 1946 γεγενημένοι.
879 1865 910 1926 εί
916 1857 979 1944 γάρ
990 1861 1076 1928 ἐκεί-

29 1966 32 1971 ’
120 1983 174 2025 νοι
190 1957 267 2042 μὲν,
289 1954 344 2043 ἐφ’
363 1954 422 2036 οὓς
438 1956 518 2042 μεθ’
536 1955 651 2026 ὅπλων
667 1953 775 2045 ἦλθεν
791 1963 828 2027 ἐν
837 1963 963 2045 ἐχθροῦ
974 1958 1073 2043 τάξει,

119 2055 222 2142 μηδὲν
240 2047 289 2122 ών
302 2059 423 2123 ἔδοσαν
441 2058 605 2143 πρότερον
615 2064 681 2124 νῦν
691 2056 897 2145 ἀφῄρηνται,
920 2054 1004 2124 άλλά
1015 2053 1073 2134 τάς

119 2155 220 2223 πάλαι
228 2156 361 2242 χάριτας
371 2161 500 2242 μείζους
510 2160 577 2223 τών
589 2163 715 2223 καινῶν
730 2155 943 2241 ἐγκλημάτων
957 2160 1073 2222 πεποί-

118 2279 228 2340 ηνται,
241 2250 334 2342 ὑμεῖς
345 2252 389 2339 δ’,
402 2252 487 2338 ὑπὲρ
499 2247 549 2322 ών
558 2251 610 2321 ἐπ’
625 2258 771 2334 ἐκείνους
782 2254 894 2324 ἐλθών
904 2253 1073 2339 ἐτελεύτη-

119 2373 195 2438 σεν,
219 2351 291 2422 άντί
310 2361 371 2421 τοῦ
390 2353 445 2421 διά
463 2351 556 2421 ταῦτ’
578 2360 625 2422 ἔτι
641 2362 769 2440 μᾶλλον
787 2351 893 2422 αὐτὸν
908 2360 1008 2439 τιμάν
1019 2352 1074 2419 καὶ

118 2458 187 2516 τών
206 2451 259 2517 ἐπὶ
274 2465 346 2528 ταῖς
362 2449 526 2534 πρότερον
543 2449 744 2534 εὐεργεσίαις
760 2479 791 2518 τι
803 2456 974 2519 δοθέντων
984 2450 1074 2535 άφη-

120 2547 256 2632 ρημένοι
267 2546 477 2632 φανήσεσθε,
502 2554 571 2623 πώς
582 2545 643 2613 οὐκ
656 2546 788 2624 είκότως
800 2545 962 2631 αίσχάνην
972 2547 1074 2623 ε’ξετες

76 2647 174 2720 annal
184 2640 251 2731 μην
264 2645 319 2711 καὶ
329 2640 403 2711 κατ’
417 2646 522 2712 ἐκεῖνο
535 2639 639 2723 ἀνάξι’
651 2640 695 2710 άν
706 2653 755 2729 είη
767 2639 946 2720 πεπονθώς
958 2638 975 2708 ὁ
988 2656 1073 2726 παῖς,

119 2749 150 2811 εί
160 2751 217 2828 τῆς
229 2747 354 2828 δωρεάς
364 2739 654 2827 άφαιρεθείη,καθ’
669 2738 688 2809 ὃ
699 2740 855 2819 πολλάκις
867 2737 962 2825 ὑμῶν
973 2749 1135 2821 ovea-482

119 2840 322 2926 τηγησαυτος
339 2845 491 2925 Χαβρίου
511 2837 650 2917 οὐδενὸς
671 2835 808 2905 πώποθ’
830 2835 903 2915 υίὸς
924 2833 1073 2922 ὀρφανὸς

120 2936 163 3007 δι’
183 2943 311 3006 ἐκεῖνον
327 2938 472 3022 ἐγένετο,
495 2934 596 3015 αὐτὸς
612 2933 644 3004 δ’
667 2938 704 3003 ἐν
724 2933 870 3025 ὀρφανία
891 2932 1073 3014 τέθραπται

119 3037 174 3106 διά
191 3035 253 3124 την
271 3033 354 3120 πρὸς
371 3032 457 3121 ὑμᾶς
468 3041 658 3121 φιλοτιμίαν
670 3042 731 3102 τοῦ
741 3032 875 3119 πατρός.
908 3031 996 3100 οὕτω
1007 3030 1072 3117 γάρ

119 3133 163 3214 ώς
174 3133 310 3220 άληθώς
320 3138 430 3219 ἔμοιγε
443 3141 595 3219 φαίνεται
605 3141 746 3223 βεβαίως
755 3158 825 3213 πως
836 3137 960 3212 έκείνος
972 3132 1073 3218 φιλό-

116 3241 211 3311 πολις
234 3229 318 3298 ώστε
340 3236 451 3302 δοκών
472 3237 528 3302 καὶ
549 3230 597 3303 ών
621 3234 868 3320 ἀσφαλέστατος
891 3229 1073 3320 στρατηγὸς

117 3329 276 3399 ἁπάντων
286 3327 371 3420 ὑπὲρ
382 3331 443 3421 μὲν
454 3329 560 3422 ὑμῶν,
575 3331 679 3403 ὁπόθ’
690 3330 815 3420 ἡγοῖτο,
827 3334 942 3420 ἐχρῆτο
952 3330 1071 3419 τοάτφ,

118 3427 201 3518 ὑπὲρ
219 3426 326 3499 αὑτοῦ
342 3434 394 3520 δὲ,
417 3431 527 3520 ἐπειδὴ
545 3430 582 3502 τὰ
599 3428 682 3502 καθ’
702 3429 809 3500 αὑτὸν
820 3429 942 3517 ἐτάχθη
953 3431 1073 3497 κινδυ·
