2370 3854
349 238 492 300 ΚΑΤΑ
519 237 763 300 MEIAIOY.
990 236 1032 304 57

80 426 135 479 τος
156 408 218 468 τού
241 401 353 488 φόβου
370 398 494 466 τούτου
516 402 696 483 φαίνονταί
710 422 796 476 τινες
815 395 916 468 οὐδὲν
931 390 1033 486 ἧττον

80 496 248 585 ὑβρισταί,
267 505 301 566 τί
308 495 370 584 χρὴ
382 493 460 576 τούς
470 496 644 576 τοιούτους
655 500 848 581 προσδοκᾶν
858 492 902 565 ἀν
913 511 1030 583 ποιεῖν,

79 602 109 664 εί
117 599 230 684 μηδείς
240 599 324 683 ἐπῆν
335 592 427 681 ἀγάν
437 597 520 682 μηδὲ
531 599 701 674 κίνδυνος;

38 713 70 764 10
161 694 332 783 Βούλομαι
349 700 466 763 τοίνυν
481 691 561 781 ύμῖν
577 696 633 761 καὶ
649 690 711 761 τδν
728 695 800 780 ἑξῆς
819 694 927 781 νόμον
949 691 1032 760 ἀνα·

76 802 205 880 γνῶναι
215 793 403 882 τούτῳκαὶ
412 789 476 877 γάρ
488 793 524 860 ίκ
534 791 657 861 τούτου
669 791 799 878 φανερά
810 800 912 860 πάσιν
921 789 1032 884 ὐμῐνῆ

78 919 113 960 τε
123 899 191 960 τοῖν
202 891 314 959 ἀλλων
325 888 421 976 ὑμῶν
433 886 589 977 εὐλάβεια
598 890 771 976 γενήσεται
782 892 836 958 καί
853 888 899 964 τὰ
908 890 1031 958 τούτου

78 992 214 1075 θράσος.
227 992 312 1076 Λέγε
323 989 383 1058 τόν
394 989 508 1076 νόμον.

469 1125 633 1186 ΝΟΜΟΣ.

205 1229 372 1345 [Εὐήγορος
386 1232 509 1315 είπεν,’
493 1259 564 1300 οταν
579 1262 598 1317 η
618 1202 720 1316 πομπὴ
740 1223 811 1320 ᾗ
782 1239 823 1297 τά
838 1229 977 1339 Διονύσῳ
1000 1236 1031 1298 ἐν

120 1327 260 1403 Πειραιεῖ
265 1345 316 1383 και
307 1321 359 1382 οί
366 1320 504 1407 κωμῳδοί
515 1320 566 1382 καὶ
575 1322 607 1381 ot
618 1318 780 1405 τραγωδοί,
802 1297 885 1380 καί
869 1345 888 1400 η
903 1297 966 1380 ἐπί
965 1325 1031 1399 Λη·

121 1407 195 1492 ναίω
206 1425 308 1485 πομπη
295 1397 415 1465 καλοί
401 1382 572 1505 ίτραγωβοί
586 1402 637 1463 καί
650 1403 682 1463 οἱ
694 1380 852 1503 κωμῳδοί,
867 1401 1032 1476 καὶτοῖςίν

118 1467 201 1550 ’ἀστει
213 1479 411 1560 Διονυσίοις
396 1512 415 1566 η
431 1507 533 1567 πομπη
521 1478 599 1548 καί
616 1487 646 1546 οἱ
659 1487 762 1558 παῖδες
775 1477 853 1547 καίό
871 1490 967 1565 κῶμος
981 1486 1032 1548 και

121 1571 314 1672 οίκωμμδοί
310 1594 360 1631 και
351 1570 403 1632 οί
410 1568 565 1673 τραγωδοί,
577 1593 627 1630 και
618 1567 858 1670 Θαργηλίων”
822 1591 858 1654 τη
867 1589 990 1677 πομπη
956 1569 1032 1632 καί

121 1661 162 1740 τῷ
173 1647 266 1736 ἀγῶνι
277 1679 319 1735 μη
307 1647 487 1730 ἔξείναι’
446 1676 517 1757 μητε
532 1646 760 1735 ἐνεχυράσαι’
719 1675 790 1734 μητε
798 1647 990 1756 λαμβάνων”
973 1677 1030 1715 ετε-
1041 1657 1093 1711 518

121 1762 175 1821 ρον
192 1738 304 1842 ἕτίρου,
322 1737 396 1818 μηδὲ
410 1743 469 1799 τάν
479 1731 686 1879 ύπερημίρωνί,
710 1735 742 1798 ἔν
752 1730 870 1810 ταύταις
884 1742 947 1810 ταῖς
960 1730 1030 1818 ἡμέ

122 1847 203 1921 ραις.
210 1816 263 1883 ἐὰν
276 1821 311 1883 δέ
323 1845 366 1895 τις
379 1816 490 1883 τούτων
507 1845 534 1882 τι
541 1820 678 1922 παραβαί
676 1844 730 1905 νη,
748 1812 921 1893 ὐπόδικος”
904 1838 975 1883 εστω
989 1825 1030 1882 τιό

120 1899 263 1982 παθόντι,
287 1905 338 1967 καὶ
342 1895 551 2008 προβολαλ’
514 1927 604 1967 αυτου
592 1881 745 1966 ἔστωόαν
755 1904 788 1966 ἒν
797 1927 834 1988 τη
820 1903 1031 2004 ἐκκλησία
995 1927 1031 1987 τη

120 1987 153 2048 ἓν
170 1982 350 2050 Διονύσου“
332 2013 371 2062 ως
388 1980 574 2067 ἀδικοῦντος,
592 1979 675 2049 καθά
690 1988 757 2071 περί
778 1992 838 2049 τῶν
859 1982 956 2051 ἀλλων
972 1992 1032 2050 τῶν

121 2063 492 2153 ἀδικούντωνγίγραπται]

37 2202 68 2255 11
159 2178 395 2266 Ἐνθυμεῖσθε,
418 2207 444 2247 ω
433 2173 581 2266 ανδρες
592 2177 801 2263 δικασταὶ,
779 2205 831 2246 οτι
841 2205 878 2246 εν
888 2205 933 2267 τω
946 2204 1031 2262 προ-

77 2281 160 2366 τέρω
172 2277 264 2366 νόμῳ
277 2275 360 2343 κατά
373 2286 442 2344 τῶν
453 2278 527 2361 περὶ
537 2275 599 2362 την
611 2274 728 2361 ἑορτὴν
744 2273 953 2343 ἀδικούντων
970 2276 1030 2343 ού-

79 2394 138 2459 σης
148 2381 206 2458 της
218 2379 400 2458 προβολῆς,
413 2377 449 2441 ίν
458 2374 565 2462 τούτῳ
578 2376 632 2440 καὶ
643 2375 725 2441 κατά
737 2380 805 2441 των
816 2371 894 2453 τούς
906 2371 1031 2460 ὐπερη-

79 2473 200 2556 μέρους
217 2472 482 2557 εἰσπραττόντων
491 2470 514 2558 ἧ
523 2474 579 2539 καὶ
588 2469 662 2539 ἀλλ’
676 2468 793 2539 ὁτιοῦν
801 2470 892 2551 τινός
902 2479 1029 2559 λαμβα-

78 2566 240 2658 νόντωνῆ
250 2574 454 2659 βιαζομένων
464 2570 637 2656 ἐποιήσατε
648 2568 707 2650 τάς
717 2570 892 2657 προβολάς.
916 2569 957 2638 οὐ
967 2568 1031 2656 γάρ

78 2669 168 2748 ὅπως
185 2668 221 2738 τὸ
241 2678 335 2757 σῶμα
353 2668 551 2757 ὑβρίζεσθαί
563 2695 651 2748 τινος
667 2671 704 2736 ἐν
720 2668 854 2747 ταύταις
871 2682 940 2749 ταῖς
951 2665 1033 2754 ἡμέ-

79 2795 166 2854 ραις,
189 2766 211 2854 ἧ
221 2769 283 2855 τὴν
294 2766 511 2857 παρασκευὴν
521 2765 565 2854 ἣν
574 2764 618 2837 ἀν
629 2771 666 2836 ἐκ
677 2775 745 2836 τοῖν
756 2771 850 2835 ίδίων
861 2767 1032 2851 πορίσαιτό

77 2895 126 2947 τις
137 2874 183 2946 είς
193 2875 411 2955 λειτουργίαν,
419 2867 527 2959 ᾤεσθε
537 2875 666 2954 χρῆναι,
678 2865 762 2936 ἀλλά
774 2868 829 2935 καί
838 2864 879 2934 τά
891 2871 965 2954 δίκη
976 2868 1032 2934 καὶ

78 2966 180 3052 ψήφῳ
209 2974 277 3034 των
303 2968 448 3036 ἑλόντων
468 2966 650 3052 γιγνόμενα
679 2970 749 3034 τοῖν
779 2965 956 3056 ἡλωκότων
976 2965 1032 3032 καί

37 3065 287 3148 ιηκεκτημίνων
304 3066 336 3144 ἐξ
348 3062 450 3151 ἀρχῆς
459 3061 523 3150 τὴν
539 3073 623 3149 γούν
640 3062 759 3151 ἑορτὴν
776 3063 967 3132 ἀπεδώκατε
984 3059 1032 3130 εί-

79 3187 144 3228 ναι.
167 3158 261 3247 ὑμεῖς
271 3162 332 3248 μὲν
343 3175 475 3248 τοίνυν,
489 3155 646 3247 ἀάνδρες
654 3162 840 3251 Ἀθηναῖοι,
854 3161 975 3240 πάντες
986 3167 1032 3239 είς

79 3267 239 3328 τοσοῦτον
257 3257 380 3346 ἀφῖχθε
404 3268 660 3347 φιλανθρωπίας
681 3265 735 3330 καὶ
758 3259 925 3348 εὐσεβείας
947 3259 1032 3329 ὥστε

78 3362 133 3426 καί
153 3366 222 3426 τοῖν
240 3359 404 3444 πρότερον
420 3363 651 3447 γεγενημένων
667 3358 877 3446 ἀδικημάτων
892 3357 929 3428 τὸ
947 3367 1032 3446 λαμ

79 3458 197 3545 βάνειν
209 3461 305 3544 δίκην
316 3459 465 3546 ἐπέσχετε
475 3461 597 3540 ταύτας
606 3458 664 3538 τάς
681 3457 817 3546 ἡμέρας·
839 3463 980 3537 Μειδίας
999 3453 1030 3526 δ’
