2370 3854
205 215 347 275 ΚΑΤΑ
367 214 857 277 ΑΡΙΣΤΟΓΕΙΤΟΝΟΣ
873 219 913 277 A.
970 217 1031 280 273

82 377 297 473 Λημοσθένης
295 377 326 440 δὲ
342 402 392 439 και
383 378 578 484 Λυκοῦργρς
595 401 662 460 ιτερι
653 377 732 458 μὲν
748 402 800 440 του
787 382 901 442 δικαί
899 406 933 441 αι
955 374 976 461 5
991 377 1032 462 μή

76 467 258 570 γεγενῆσθαι
267 455 322 541 τήν
333 455 486 563 ἐγγραφὴν
496 462 584 524 ουδὲν
600 462 731 607 λε’γρυσι,
750 482 824 540 φασι
814 457 915 525 55“⁰
900 489 970 527 οταν
982 463 1033 549 ἕλη

76 540 150 608 “τδν
157 539 371 646 Ἀρίστωνα,
338 567 401 607 τοτε
408 536 568 645 Ἀριστογεί
566 568 625 607 των
633 567 687 625 μεν
695 541 971 628 ἒξαλειφθήσεταηέ
972 555 1032 610 κεῖ·

76 627 93 654 ‘
98 654 147 702 νος
159 629 190 692 δὲ
201 624 414 729 ἐγγραφήσεται
425 621 500 690 κατά
510 623 562 691 τὸν
565 623 680 729 νόμην·
702 629 774 713 πρὶν
792 628 822 692 55
841 636 985 713 κριθῆναι
1000 626 1033 693 τὸ

75 712 93 738 “
97 719 228 817 ιτρῦγμα,
240 705 275 775 υῦ
289 708 430 794 προσήκει
441 706 573 793 λέγειν
545 735 596 775 τον
607 708 681 811 τάχα
698 715 818 815 δικαίηις
838 713 1034 819 ἐγγεγραμμέ-

75 794 152 897 “ηον
170 795 219 857 καλ
230 799 354 874 ψευδῶς
372 796 598 899 ἐγκαλοῦντα
568 801 610 858 τῦ
626 789 802 876 Ἁρίστυνι.”
824 804 916 860 ταῦτα
932 800 985 899 μὲν
996 790 1034 878 δή

86 875 120 945 τῦ
140 874 337 979 ζητήματα
300 903 364 981 της
368 873 545 954 ὑποθέσεως.
577 858 769 980 ἐνηγυόνισται
787 873 816 942 δ’
830 874 1032 988 αῦτοῑςῦΛη-

85 969 225 1064 κοῦργυς,
238 957 289 1025 άτε
294 956 444 1064 πρότερος
455 963 562 1062 λέγων·
584 968 626 1047 τῷ
643 963 831 1070 Δημοσθένει
849 965 881 1028 δλ
896 966 963 1048 περὶ
979 965 1034 1066 μὲν

84 1044 196 1110 τούτων
211 1040 322 1147 555559
337 1044 418 1108 πάνυ
439 1042 523 1149 λόγος
538 1025 701 1128 γέγονεν’
680 1072 718 1120 ως
739 1042 1032 1129 κροειλημμένων,ὁ

85 1133 116 1194 δὲ
137 1127 202 1204 ὅλος
221 1123 302 1212 αῦτιῦ
323 1125 408 1212 λόγος
428 1135 482 1192 τοῦ
501 1125 742 1212 Ἀριστογειτονος
763 1134 830 1212 βίου
856 1135 1034 1215 κατηγορίαν

83 1239 119 1278 ιιε
138 1215 164 1276 ιε’
180 1238 212 1275 ει.

120 1239 137 1297 (¹
151 1240 349 1369 550556503
321 1290 386 1356 55‘
370 1321 386 1358 ο
402 1288 649 1398 Αλικαρνασσεῦς
666 1320 701 1357 ου
692 1287 824 1375 δέχεται
835 1293 955 1372 τούτους
966 1292 1034 1372 τοῦς

84 1379 188 1463 λόγους
200 1380 412 1478 Λημοσθένους
424 1372 547 1477 εἶναι,’
533 1401 567 1440 εκ
583 1383 633 1477 τῆς
649 1378 728 1452 ἰδέας
745 1375 978 1463 τεκμαιρόμενος.
1007 1383 1037 1444 οἱ

86 1467 117 1526 55
128 1483 267 1543 φασινιτ
232 1463 267 1523 ἐκ
267 1454 399 1540 ίτηδες
371 1484 422 1522 ιον
433 1456 542 1562 ρήτορα
551 1457 673 1547 τοιούτῳ
690 1470 851 1566 χαρακτῆρι
854 1470 1033 1565 κεχρῆσθαι,

86 1545 254 1654 ζηλωσαντα
263 1550 444 1646 Λυκοῦργον
460 1523 673 1647 εὐδοκιμοῦντα
686 1539 769 1644 καρδι
784 1554 845 1621 τοῖς
854 1539 1032 1628 Ἀθηυαίυις

86 1655 113 1693 οι
107 1631 166 1709 55,
179 1623 277 1709 ἐπειδὴ
290 1621 365 1691 κατά
381 1620 433 1690 τόν
448 1633 500 1728 τής
516 1622 632 1708 ἡλικίας
648 1624 754 1710 χρόνον
770 1655 826 1731 την
835 1635 1036 1731 τερατολογίαν

86 1717 170 1817 ἔλαβε
180 1719 355 1819 Λυκοῦργος
371 1711 422 1772 καὶ
433 1716 506 1774 πῦσε
523 1718 583 1784 τοῖς
601 1706 818 1791 κεφαλαλοις’
782 1707 869 1788 αυτὸς
886 1710 1035 1797 ἐχρήσατο,

85 1793 310 1878 δΛημοσθὲνης
326 1790 525 1897 ἠναγκάσθη
523 1794 626 1857 λυιιιδν
637 1793 876 1895 φιλοσοφώτερον
885 1805 1037 1878 μετελθεῖν

85 1907 135 1944 και
126 1883 330 1964 περιοδικῶς.
355 1874 437 1940 άλλοι
448 1871 525 1940 55
496 1901 548 1940 τον
558 1877 616 1980 μὲν
626 1875 774 1981 πρότερον
786 1882 918 1988 δέχογται
934 1890 1036 1963 Δημο-

85 1965 211 2039 σθένους
223 1958 357 2043 εἶναι,
329 1987 381 2025 τον
392 1961 424 2025 δὲ
436 1957 572 2045 δεύτερον
583 1955 728 2043 οὐδαμῶς,
741 1958 828 2027 οὐδὲν
840 1961 925 2041 άξιον
936 1967 1037 2047 ἔχοντα
1045 1983 1092 2039 Π(

85 2073 135 2111 του
123 2045 276 2131 ῥήτορος.

174 2244 287 2310 Πάλαι
298 2207 506 2326 καθήμενος,
519 2232 547 2306 ω’
558 2239 677 2323 ἄνδρες
688 2242 852 2322 δικασταὶ,
871 2244 926 2308 καλ
937 2269 1038 2328 κατη-

86 2333 903 2429 γοροῦντοςάκούων,χάι’σκερῦμεῖς,Λυκου’ργου,
926 2338 1039 2426 τὰμὲν

88 2441 171 2508 ἄλλα
183 2445 291 2516 καλῶς
303 2434 406 2505 αὐτόν
416 2434 569 2523 ἡγούμην
588 2435 713 2519 λέγειν,
733 2437 769 2502 ἓν
791 2434 826 2503 δὲ
842 2437 1039 2525 τεθαύμακα

88 2537 179 2622 ὁρῶν
196 2535 548 2623 ὑπερδιατεινόμενον,
572 2539 603 2601 ελ
625 2531 754 2618 άγνοεῑ,
776 2533 829 2602 ὅτι
850 2533 928 2604 οὔτε
949 2530 1037 2625 παρά

87 2637 166 2716 τοῦς
187 2632 241 2721 ὑφ’
257 2637 379 2704 ἑαυτοῦ
399 2635 520 2721 λόγους
542 2635 733 2718 εἰρημένους
755 2631 832 2701 οῦτε
853 2633 943 2722 καρδι
962 2636 1040 2717 τοῦς

88 2735 146 2803 ὑπ’
162 2739 245 2822 ἐμοῦ
255 2740 432 2822 μέλλοντας
450 2732 661 2820 ῥηθήσεσθαι
677 2728 718 2798 τά
729 2733 864 2801 τουτουὶ
879 2740 940 2801 τοῦ
950 2732 1040 2821 555-

90 2862 148 2914 νος
160 2835 269 2901 δίκαιά
281 2839 369 2902 ἐστιν
381 2830 510 2919 ἰσχυρά,
529 2829 597 2899 ἀλλ’
611 2829 655 2910 ὥς
672 2825 716 2898 55
729 2832 864 2911 ἕκαστος
876 2830 972 2918 ὑμῶν
983 2839 1039 2922 ἔχη

63 2931 173 3019 επρδς
191 2930 227 2999 τό
246 2929 267 3017 5
287 2936 514 3018 δυσχεραίνειν
532 2926 555 3017 5
573 2937 770 3016 προσίεσθαι
781 2941 953 3017 πονηρίαν.
984 2934 1041 2998 καὶ

90 3029 181 3118 ἔγωγ’
196 3029 422 3117 ὑπολαμβάνω
432 3032 494 3117 τήν
505 3029 566 3116 μὲν
577 3037 778 3116 κατηγορίαν
789 3033 843 3097 καὶ
853 3029 890 3097 ιδ
902 3039 970 3098 τῶν
981 3030 1039 3098 λό-

89 3156 159 3217 γων
171 3137 300 3215 πλῆθος
312 3134 413 3209 ἔθους
423 3132 520 3197 ἕνεκα
538 3132 662 3215 καὶτῆς
677 3127 838 3214 ὑμετέρας
849 3127 1040 3214 ἀκροάσεως

90 3234 160 3296 δεῖν
171 3228 386 3314 ποιήσασθαι,
399 3235 575 3314 κεκρίσθαι
586 3231 621 3294 δὲ
634 3235 733 3294 τοῦτο
745 3227 780 3294 τὸ
793 3235 928 3314 πρᾶγμα
939 3227 1040 3296 πάλαι

89 3325 155 3394 ῦιιο
169 3333 225 3412 τῆς
238 3327 379 3394 ἑκάστου
390 3326 523 3412 φάσεως
532 3335 681 3411 ολκοθεν,
693 3325 749 3392 καὶ
759 3327 836 3392 νυνὶ
847 3329 947 3412 εἰμέν
958 3332 1040 3395 εἰσιν

90 3423 185 3509 ὑμῶν
197 3429 230 3492 ολ
239 3430 372 3504 πλείους
381 3422 446 3493 οἷοι
456 3425 535 3505 τοῦς
546 3423 714 3510 ιιονηροῦς
726 3434 834 3510 φιλεῖν
845 3426 901 3492 καλ
912 3424 1040 3508 σώζειν,

131 3522 267 3574 Demosth.
291 3521 396 3578 V01.11.
856 3524 900 3576 m
