2370 3854
336 215 479 276 αΡοΣ
502 215 795 279 Λεατιαωα.
854 192 856 197 ’
1000 219 1041 282 ει

89 377 373 462 ρακρουσαμέυωυ
383 369 405 461 ή
414 371 494 460 μετά
505 372 598 442 ταῦτ’
611 372 819 445 ἀδικούντων
830 373 852 465 ή
862 376 947 458 ὅλως
958 377 1042 448 ἀυα-

89 477 183 560 ξίων,
207 471 250 540 δι’
269 470 313 560 ήν
329 470 370 541 ὃν
387 468 431 541 ἀν
448 471 528 559 ύμῖν
540 478 621 564 δοκή
632 475 794 543 κωλύσετ’
806 482 891 562 ἔχειν
902 475 964 564 τήν
975 480 1041 543 δω-

88 571 179 658 ρεάν.
202 573 276 657 λέγε
286 570 346 640 τόν
357 571 473 657 νόμον.
525 590 530 597 “

474 735 654 801 ΝΟΜΟΣ.
1049 746 1098 805 487

43 888 79 948 ρρ
168 858 327 946 Ἀκούεέ,
340 853 367 930 ὦ
378 860 497 946 ἀνδρες
506 861 691 950 Ἀθηναῖοι,
703 864 758 931 καὶ
769 861 1040 947 καταμανθάνετε

87 959 138 1030 ότι
155 958 294 1029 ἐνταῦθ’
313 966 362 1028 ἔνι
378 961 434 1028 καλ
451 960 533 1040 τούς
549 957 662 1040 ἀξίους
678 965 764 1046 ἐχειν
779 957 819 1026 τά
833 963 975 1027 δοθέντα
986 962 1041 1029 καλ

87 1057 165 1138 τούς
184 1056 228 1145 μή
240 1059 414 1138 τοιούτους
424 1060 617 1146 κριθέντας,
639 1058 699 1127 ἐάν
709 1057 832 1137 ἀδίκως
841 1085 872 1125 τι
882 1057 1040 1145 λάβωσιν,

87 1157 330 1244 ἀφαιρεθῆναι,
358 1159 413 1226 καλ
434 1155 472 1225 τό
494 1156 614 1226 λοιπόν
634 1155 690 1243 ἐφ’
713 1153 792 1243 ὑμῖν
813 1154 898 1224 εἶναι
919 1154 1038 1242 πάνθ’,

88 1255 199 1345 ὥσπερ
209 1259 277 1326 ἐστὶ
289 1258 502 1344 δίκαιου,καλ
512 1260 631 1324 δοῦναι
641 1256 696 1324 καὶ
707 1257 762 1342 μή.
797 1251 842 1333 ἀς
852 1255 913 1339 μὲν
924 1259 1040 1321 τοίνυν
1119 1262 1131 1288 “

86 1354 159 1442 οὐχί
175 1365 284 1435 καλῶς
301 1348 399 1433 οὗτος
410 1360 473 1441 ἔχει
484 1359 539 1421 καὶ
550 1359 684 1433 δικαίως
695 1353 713 1422 ὁ
726 1355 844 1439 νόμος,
866 1350 939 1420 οὔτ’
953 1356 1040 1437 ἐρεῖν

86 1454 176 1539 οἶμαι
186 1460 353 1538 Λεπτίνην
364 1451 450 1537 οὔτ’,
472 1450 639 1541 ἐάυλέγη,
661 1455 762 1532 δεῖξαι
773 1449 993 1537 δυνήσεσθαι·
1016 1447 1039 1518 ἀ

86 1551 121 1618 δὲ
133 1547 217 1636 πρὸς
227 1563 294 1628 τοῖς
306 1552 527 1636 θεσμοθέταις
538 1555 639 1637 ἔλεγε,
645 1547 736 1617 ταῦτ’
748 1557 827 1628 ῖσως
837 1552 942 1633 λέγων
953 1573 1039 1632 παρ-

85 1649 180 1735 άγειν
196 1645 281 1734 ὑμᾶς
298 1649 435 1736 ζητήσει.
468 1654 532 1736 ἐφη
549 1647 614 1735 γάρ
632 1648 791 1735 ἐξαπάτης
813 1650 908 1716 ἕνεκα
930 1672 1038 1735 παρα-

83 1748 275 1834 γεγράφθαι
290 1754 412 1816 τοῦτου
428 1747 489 1817 τόν
504 1748 627 1836 νόμον,
648 1746 707 1815 ἐάν
724 1745 754 1815 δ’
768 1745 809 1816 δυ
827 1745 926 1826 αύτός
936 1753 1037 1833 ἔθηκε

40 1877 75 1933 99
84 1854 176 1934 λυθῇ
182 1898 192 1932 ,
203 1856 322 1916 τούτου
334 1845 376 1916 ού
387 1846 601 1935 τεθήσεσθαι.
636 1844 699 1933 ε’γύ
713 1845 757 1934 δ’,
770 1847 820 1915 ὅτι
832 1847 893 1933 μὲν
903 1855 944 1934 τῇ
955 1844 1037 1932 ὑμε-

83 1948 161 2034 τέρα
178 1945 279 2037 ψήφῳ
295 1945 418 2017 τούτου
434 1954 494 2016 τού
511 1946 620 2033 νόμου
634 1947 796 2025 λυθέντος
812 1943 872 2014 τόν
882 1968 1037 2030 παρεισε-

83 2047 245 2130 νεχθέντα
255 2047 375 2132 κύριον
385 2046 469 2116 εἶναι
481 2042 623 2134 σαφωςδ
637 2042 775 2124 παλαιός
785 2045 913 2114 κελεύει
922 2045 1034 2130 νόμος,

82 2141 157 2211 καθ’
170 2141 210 2212 δυ
221 2148 255 2212 οί
263 2147 469 2230 θεσμοθέται
478 2153 600 2214 τούτου
611 2143 690 2232 ύμῖν
701 2145 927 2232 παρέγραψαν,
937 2145 1034 2227 ἐάσω,

81 2244 137 2308 ἵνα
154 2239 199 2327 μή
217 2243 291 2328 περὶ
308 2242 432 2310 τούτου
448 2270 496 2321 τις
514 2240 670 2330 ἀντιλέγῃ
680 2268 753 2329 μοι,
775 2241 848 2311 ἀλλ’
862 2239 914 2309 ἐπ’
927 2245 1033 2309 ἐκεῖνο

82 2338 157 2423 εἶμι.
190 2337 272 2405 όταν
283 2347 387 2404 ταῦτα
396 2341 476 2426 λέγη
487 2339 611 2426 δήπου,
629 2338 853 2425 ὁμολογεῖμὲν
864 2338 947 2406 εἶναι
957 2346 1034 2425 βελ-

82 2441 140 2502 τίω
157 2437 212 2503 καί
229 2434 436 2522 δικαιότερον
453 2435 550 2506 τόνδε
568 2437 629 2506 τόν
640 2436 746 2524 νόμον
758 2429 801 2506 ού
811 2440 960 2506 τέθεικεν
971 2435 1034 2504 αύ-

81 2533 153 2618 τὸς,
176 2531 260 2620 ὑπὲρ
278 2533 315 2602 δὲ
332 2541 395 2602 τού
409 2541 480 2614 πῶς
495 2534 672 2623 τεθήσεται
689 2548 829 2603 ποιεῖται
845 2535 905 2603 τόν
922 2537 1032 2623 λόγου.

20 2659 72 2713 100
81 2640 215 2719 πρῶτον
225 2632 287 2719 μὲν
297 2639 413 2701 τοίνυν
424 2636 508 2703 είσὶυ
520 2632 610 2724 αύτῷ
622 2632 706 2703 κατά
718 2643 780 2703 τοῦ
791 2640 1034 2722 παρεισφέρον-

80 2757 136 2810 τος
146 2733 262 2800 πολλοὶ
273 2732 406 2819 τρόποι,
419 2730 464 2800 δι’
480 2724 546 2818 ύυ,
559 2729 603 2802 ἀυ
613 2734 771 2821 βούληται
781 2746 892 2804 θεῖναι
901 2731 962 2802 τόν
972 2732 1033 2801 υό-

80 2857 162 2917 μου,
179 2827 282 2898 αὐτόν
293 2829 489 2917 ἀναγκάσει·
510 2830 612 2900 ἔπειτ’
623 2831 813 2920 ἐγγυώμεθ’
826 2831 919 2921 ἡμεῖς
925 2885 934 2918 ,
955 2830 1031 2919 ἐγω,

81 2935 255 3015 Φορμίων,
275 2928 379 2999 ἀλλον
395 2941 430 3000 εί
435 2957 510 2999 τινα
519 2931 690 3018 βούλεται,
712 2932 832 3020 θήσειν
843 2931 904 3001 τόν
916 2932 1030 3018 νόμον.

80 3035 149 3098 ἐστι
167 3030 202 3096 δὲ
216 3029 324 3117 δήπου
335 3030 438 3118 νόμος
448 3026 544 3118 ὑμῖν,
566 3031 625 3098 ἐάν
636 3057 684 3111 τις
695 3029 921 3118 ὑποσχόμενός
932 3056 961 3096 τι
973 3026 1032 3096 τόν

81 3132 188 3215 δῆμον
206 3124 227 3216 ή
243 3126 404 3217 βουλήνή
415 3128 629 3216 δικαστήριον
640 3131 841 3219 ἐξαπατήση,
863 3126 903 3195 τά
915 3133 1032 3214 ἔσχατα

79 3228 224 3314 πάσχειν.
258 3229 472 3315 ἐγγυώμεθα,
489 3226 749 3315 ὑπισχνούμεθα.
783 3232 818 3294 οί
829 3227 1031 3315 θεσμοθέται

78 3336 182 3396 ταῦτα
199 3328 415 3415 γραφόντων,
437 3329 490 3396 ἐπὶ
506 3328 636 3406 τούτοις
652 3324 688 3394 τό
708 3332 841 3412 πρᾶγμα
853 3329 1028 3412 γιγνέσθω.

17 3448 67 3502 τοι,
77 3424 162 3514 μήθ’
174 3424 267 3514 ὑμεῖς
278 3426 433 3512 ποιήσητε
443 3426 548 3513 μηδὲν
558 3425 694 3506 ἀνάξιον
704 3421 800 3511 ὑμῶν
811 3421 933 3510 αὐτῶν,
944 3421 1028 3512 μήτ’,
