2370 3854
389 208 774 272 ΠΡΟΣΑΦΟΒΟΝ.
887 204 891 211 ’
996 206 1058 268 343

105 379 221 459 σαφῶς
237 369 318 458 ύμίυ
333 373 497 450 ἐπιδειῖω·
520 376 623 435 ταῦτα
640 366 701 453 μὲν
717 365 782 451 γάρ
792 361 836 453 ἦν
852 374 953 435 πᾶσιν
966 370 1057 449 ίδεῖν,

108 476 142 540 οί
149 470 246 556 νόμοι
261 470 316 538 καὶ
327 467 364 536 τό
376 477 506 553 πλῆθος
517 459 566 534 άυ
579 457 672 532 οὗτοι
683 465 921 551 διηρπάκειοαν
931 466 1058 552 χρημά-

107 596 188 638 των·
199 571 259 639 τὸν
269 570 406 637 Μιλύαν
418 565 450 636 δ’
463 564 536 635 οὐδ’
549 564 639 643 ὅστις
650 571 738 632 ἔστιν
750 561 858 642 οὐδεὶς
868 563 948 651 ᾔδει.
970 564 1059 649 γνά-

107 679 208 737 οεσθε
221 666 253 736 δ’
267 671 302 736 ἐκ
314 675 383 735 τοῖν
394 667 643 751 ἐγκεκλημένων
653 662 704 731 ότι
715 661 817 731 ταῦθ’
830 662 936 741 οὕτως
951 660 1057 748 ἔχοντ’

105 769 202 835 ἐστίν.

62 878 97 931 30
186 862 267 950 Ἐγώ
285 863 366 950 γάρ,
390 857 418 931 α’
433 862 552 947 ἄνδρες
570 866 734 948 δικασταί,
757 862 820 950 τὴν
836 866 932 948 δίκην
943 866 1059 946 ἔλαχον

104 964 211 1052 τούτῳ
223 971 280 1049 τῆς
291 966 467 1048 ἐπιτροπῆς
478 959 538 1047 ούχ
550 965 587 1029 ἓν
596 968 717 1049 τίμημα
728 961 881 1045 συνθεὶς,
894 956 1004 1042 όόσπερ
1016 956 1059 1025 άν

105 1072 139 1130 εί
145 1089 195 1140 τις
206 1074 430 1148 συκοφαντεῖν
440 1063 629 1145 ἐπιχειρῶν,
641 1058 716 1127 ἄλλ’
729 1062 872 1127 ἕκαστον
881 1058 1057 1144 ἐγγράψας,
1166 1086 1168 1090 ’

105 1161 160 1227 καὶ
179 1159 287 1227 πόθεν
304 1160 416 1247 λαβών
432 1160 487 1226 καὶ
504 1158 612 1224 πόσον
627 1155 664 1224 τό
682 1165 811 1241 πλῆθος
822 1160 878 1226 καὶ
888 1158 977 1241 παρά
987 1166 1057 1240 τοῦ,

105 1260 159 1324 καὶ
171 1258 321 1343 οὐδαμοῦ
331 1256 392 1325 τὸν
402 1255 540 1323 Μιλύαν
551 1263 748 1340 παρέγραψα
759 1252 803 1334 ὥς
813 1254 923 1322 είδότα
935 1282 966 1323 τι
978 1256 1059 1321 τού-

61 1366 94 1419 31
104 1382 180 1426 των.
204 1362 293 1423 ἔστιν
303 1349 367 1422 οὖν
377 1361 438 1422 τοῦ
448 1353 509 1438 μὲν
520 1353 721 1438 ἐγκλήματος
732 1349 814 1438 άρχη
822 1349 906 1419 “wid
911 1353 919 1375 '
931 1357 1063 1439 ἐγκαλεῖ

102 1450 498 1540 “ΛημοσθεύηςἈφόβρο·
523 1456 587 1536 ἔχει
603 1475 670 1536 μου
686 1449 980 1537 χρήματ”Άφοβος
991 1451 1056 1518 άπὸ

68 1564 72 1570 ’
101 1547 301 1635 “ἑπιτροπῆς
317 1549 472 1637 ἐχόμενα,
494 1546 699 1634 ὀγδοήκοντα
715 1549 887 1636 μὲνμνάς,
909 1548 952 1637 ἢν
963 1555 1058 1637 ἔλαβε

101 1645 243 1731 ’προῖκα
258 1655 316 1732 της
333 1647 455 1734 μητρός
471 1646 555 1715 κατά
570 1645 632 1734 τὴν
648 1648 815 1734 διαθήκην
831 1655 892 1716 τού
908 1648 1057 1732 πατρός.”

105 1753 203 1812 τοῦτο
221 1745 356 1831 πρῶτόν
372 1748 441 1813 ἐστι
456 1754 525 1815 τῶν
541 1746 732 1832 χρημάτων,
755 1738 803 1814 οἷν
814 1746 1063 1834 ἀπεστερῆσθαί

105 1871 198 1931 φημι.
230 1858 298 1922 τοῖς
309 1843 344 1912 δὲ
354 1844 497 1930 μάρτυσι
508 1851 541 1913 τί
550 1845 811 1931 μεμαρτύρηται;
832 1843 1059 1931 ’μαρτυροῦσι

98 1940 368 2027 ’παραγενέσθαι
379 1940 462 2029 πρός
472 1950 518 2032 τῷ
530 1949 677 2032 διαιτητῇ
689 1945 877 2033 Νοθάρχῳ,
895 1943 1058 2032 ότέἏφο-
1067 1964 1117 2018 85ί

98 2037 181 2126 “flos
192 2038 355 2126 ὡμολόγει
364 2039 425 2109 τόν
435 2042 576 2110 Μιλύαν
584 2043 765 2125 ἐλεύθερον
776 2041 1058 2129 εἶναι,άφεθε’ντα

61 2136 188 2205 affusa&
200 2145 261 2204 τοῦ
270 2143 513 2223 Δημοσθένους
524 2136 673 2223 πατρός.”
694 2155 845 2209 σκοπείτε
855 2149 971 2208 τοίνυν
982 2140 1055 2226 παρ’

105 2233 184 2321 ὑμῖν
201 2234 313 2314 αύτοῖς
330 2246 361 2303 εί
375 2263 424 2314 τις
441 2231 485 2304 άν
502 2234 615 2323 ύμῖνῆ
624 2238 733 2324 ῥήτωρ
744 2234 767 2324 ἢ
778 2237 936 2325 σοφιστὴς
946 2234 968 2324 ἢ
979 2239 1058 2323 γόης

105 2332 194 2400 οὕτω
205 2332 392 2418 θαυμάσιος
403 2337 495 2402 δοκεῖ
502 2337 659 2419 γενέσθαι
670 2335 725 2401 καὶ
736 2338 844 2418 λέγειν
856 2333 975 2419 δεινός,
984 2334 1045 2402 ὥσ»

104 2437 142 2500 ἐκ
162 2431 283 2518 ταύτης
302 2439 360 2517 τῆς
376 2445 557 2517 μαρτυρίας
574 2433 701 2514 διδάξαι
717 2429 783 2502 τιν’
802 2432 996 2516 άνθράπων
1015 2432 1059 2512 ὠς

104 2537 168 2617 ἔχει
184 2535 247 2617 την
257 2529 366 2616 προῖκ’
376 2531 524 2619 ’Ἄφοβος
535 2540 592 2620 τῆς
602 2531 723 2619 μητρός
733 2541 791 2619 τῆς
802 2534 931 2600 ἑαυτοῦ.
963 2535 1019 2601 καὶ
1028 2540 1062 2600 τί

104 2624 450 2719 λέγωποόπρόςΛιόςς
464 2628 675 2718 ὡμολόγησεν
683 2629 767 2700 εἶναι
775 2631 914 2698 Μιλύαν
922 2631 1051 2699 ἐλεύθε·

104 2757 180 2815 ρους
202 2734 256 2799 καὶ
273 2740 308 2801 τί
319 2740 447 2818 μάλλον
462 2736 548 2816 ἔχων
569 2730 631 2816 τὴν
652 2745 788 2816 προικα;
811 2728 910 2798 οὐδὲν
933 2725 977 2797 άν
998 2730 1059 2815 δη’-

61 2841 171 2897 mov
188 2831 240 2897 διὰ
258 2831 358 2900 τοῦτό
375 2857 412 2917 γε
424 2829 558 2910 δόξειεν.
589 2828 672 2899 άλλά
688 2830 799 2898 πόθεν
817 2827 909 2897 τοῦτ’
933 2832 1059 2897 ἐπεδεί-

104 2939 187 3012 χθυε
210 2939 343 3015 πρῶτον
359 2932 421 3017 μὲν
433 2935 638 3017 Θηριππίδης
655 2934 704 2998 νόν
714 2927 807 3018 αὐτῷ
818 2935 1058 3010 συνεπίτροπος

104 3028 371 3114 κατεμαρτύρησε
390 3034 520 3098 δούναι·
545 3029 702 3114 δεύτερον
720 3027 755 3094 δὲ
765 3025 893 3112 Δήμων
905 3035 998 3101 θείος
1010 3018 1057 3089 ύν

104 3126 159 3195 καλ
176 3151 246 3193 των
262 3123 418 3194 ἅλλανοί
425 3126 588 3210 παρόντες
599 3126 830 3211 ἐμαρτύρησαν
841 3138 933 3191 σῖτον
943 3130 983 3210 τῇ
993 3148 1057 3207 μη-

104 3225 156 3307 τρὶ
177 3228 299 3291 δαίσειν
319 3220 494 3309 ὁμολονεῐν
514 3231 636 3292 τοῦτον
652 3222 697 3303 ὡς
712 3229 829 3308 ἔχοντα
845 3220 908 3308 τὴν
925 3233 1054 3304 προῖκα.

105 3325 160 3392 καὶ
170 3324 301 3402 τούτοις
313 3319 375 3391 ούκ
388 3322 612 3411 ἐπεσκήψατο,
636 3320 790 3408 δηλονότι
800 3318 846 3398 ὡς
856 3315 987 3404 τάληθῆ
996 3344 1037 3402 με

103 3421 307 3508 μαρτύρηται
326 3423 427 3500 είδοός.
460 3429 506 3491 ἔτι
517 3418 662 3510 τοίνυνὴ
676 3421 783 3508 μήτηρ
792 3425 906 3486 πίστιν
916 3413 1071 3500 ἠθέλησε
