2370 3854
279 215 437 275 KATA-
455 214 849 279 νιιιοαεκνουε.
977 219 1040 282 νει
1148 177 1154 181 ’

83 371 334 460 Ἀνδροτίωνος,
345 379 381 441 οἳ
387 379 467 459 μίαν
477 370 640 458 εἰσφοράν
649 370 857 442 οὐδεπώποτ’
870 381 1040 466 είσενηνό·

29 491 75 543 199
85 498 169 558 χατε.
202 479 375 556 τηλικοῦτο
391 478 508 540 τοίνυν
525 473 711 559 ἐφρόνησεν
727 465 826 553 οὗτος
837 473 881 554 τός
891 476 947 562 ἄρ’
959 478 1039 548 οὐδὲ

86 578 181 656 δίκην
198 570 329 636 τούτων
339 566 501 654 οὐδεμίαν
511 571 631 636 δόσαν
637 619 647 653 ,
672 571 757 639 ὥστε
767 572 870 658 μόνος
881 577 960 641 δέκα
970 583 1040 643 τῶν

83 670 321 754 συναρχόντων
343 666 452 736 όντων
473 675 572 756 κοινῇ
590 667 651 737 τόν
668 671 770 755 λόχον
787 673 949 757 ἐγγράψαι
964 676 1035 758 μετ’

79 765 316 852 Ἀνδροτίωνος
331 767 506 853 ἐτόλμησε·
529 781 650 850 προῖκα
664 769 746 855 γάρ,
768 769 868 838 οὐδὲν
887 769 1039 857 ὠφελού-

83 890 197 951 μενος,
212 864 292 950 ὑμῑν
305 866 511 951 Τιμοκράτης
529 863 751 953 ἀπεχθάνεται
768 872 823 938 καὶ
833 870 959 956 νόμους
971 876 1000 937 εί
1022 909 1039 920 -

84 967 178 1049 φέρει
204 970 306 1030 πᾶσιν
330 967 516 1049 ἐναντίους,
546 965 788 1035 τὸτελευταῖον
806 966 842 1035 δέ
861 971 917 1035 καὶ
932 965 1040 1035 αὑτοῦ

82 1063 175 1150 νόμῳ
189 1065 349 1152 προτέρῳ,
360 1059 382 1129 ό
391 1060 436 1148 μά
446 1061 508 1148 τὴν
515 1060 663 1147 Ἀθηνᾶν
672 1062 746 1132 οὐδ’
763 1061 848 1149 ὑμᾶς
859 1063 1039 1150 οίμαιλαν-

81 1160 212 1228 θάνειν.

29 1279 74 1331 τοο
159 1257 199 1326 Ὃ
213 1267 331 1327 τοίνυν
351 1265 460 1345 ἔμοιγε
478 1264 576 1327 δοκεῖ
581 1257 712 1343 μάλιστ’
724 1257 818 1338 άξιου
830 1259 930 1345 όρχῆς
942 1261 1036 1344 εἶναι,

83 1358 202 1442 φράσω
214 1360 269 1425 καί
280 1355 343 1425 οὐκ
354 1354 589 1443 ἀποτρέψομαι,
597 1356 648 1422 ὅτι
659 1353 759 1440 ταῦτ’,
771 1349 800 1422 ω’
809 1356 928 1442 ἄνδρες
938 1356 1038 1444 Ἀθη-

82 1467 186 1539 ναῖοι,
199 1454 352 1540 πράττων
362 1451 414 1521 ἐπ’
428 1451 586 1542 άρχυρίφ,
597 1455 653 1521 καὶ
663 1459 891 1542 προῃρημένος
903 1454 947 1535 τός
957 1453 1038 1540 άλη-
1133 1496 1136 1501 ‚

82 1560 153 1630 θός
171 1562 386 1637 μισθαρνεῖν,
408 1549 471 1620 οὐκ
487 1558 533 1630 είς
550 1549 574 1618 δι’
595 1553 650 1618 καὶ
670 1552 872 1638 συνγνώμην
892 1551 1038 1631 άκοάσας

81 1649 126 1718 άν
136 1677 183 1730 τις
195 1655 277 1736 ἔσχε,
289 1649 383 1718 ταῦτ’
395 1648 573 1718 άναλίσκει.
594 1657 698 1716 ταῦτα
709 1646 741 1715 δ’
754 1653 820 1716 ἐστὶ
831 1656 865 1716 τί
867 1679 876 1731 3
889 1645 907 1716 ὁ
919 1650 1036 1735 πατὴρ,

82 1742 110 1814 οδ
127 1748 248 1834 άνδρες
259 1752 425 1834 δικασταὶ,
444 1746 653 1835 ότοότουτῷ
664 1751 809 1835 δημοσίω
823 1744 963 1832 ὀφείλει·
983 1749 1037 1814 καὶ

81 1844 144 1913 οὐκ
156 1844 327 1925 ὀνειδίζων
339 1848 454 1933 ἐκείνω
465 1847 568 1931 λέγω,
592 1842 665 1912 ἀλλ’
679 1843 959 1929 ἀναγκαζόμενος·
984 1850 1038 1914 καὶ

29 1967 69 2018 ιρι
81 1939 179 2021 οὗτος
195 1940 364 2030 ὁχρηστὸς
374 1950 522 2032 περιορᾷ.
555 1949 662 2010 καίτοι
673 1940 763 2020 ὅστις
773 1945 903 2026 μέλλων
914 1951 1038 2028 κληρο-

80 2041 240 2126 νομήσειν
257 2048 315 2127 τῆς
333 2039 476 2127 άτιμίας,
499 2037 542 2107 άν
559 2041 685 2121 ἐκεῖνός
700 2067 733 2108 τι
744 2041 855 2128 πάθη,
879 2041 922 2127 μη
936 2051 1038 2108 οίεται
1138 2096 1141 2101 ,

81 2143 151 2206 δεῖν
167 2141 305 2225 ἐκτῖσαι,
328 2136 412 2207 άλλά
430 2143 632 2225 κερδαίνειν,
655 2137 696 2206 όν
714 2144 838 2217 ἐκεῖνος
852 2145 890 2226 ζῇ
899 2139 1035 2224 χρόνον,

80 2233 165 2316 άξιοῑ
174 2245 272 2305 τοῦτο
285 2234 321 2302 τό
334 2240 459 2320 κέρδος,
471 2243 561 2314 τίνος
572 2232 616 2302 άν
627 2235 705 2320 ὑμίν
714 2235 921 2320 ἀποσχέσθαι
930 2240 1035 2316 δοκεί;

80 2337 136 2401 καὶ
157 2331 218 2400 τόν
240 2335 300 2417 μὲν
317 2336 441 2416 πατέρα
460 2331 533 2400 οὔτ’
551 2338 651 2412 ἐλεεῖς
668 2333 746 2402 οὔτε
765 2333 858 2402 δεινά
875 2353 929 2401 σοι
946 2339 1040 2402 δοκεῖ
1046 2351 1096 2407 763

81 2431 234 2514 πάσχειν,
257 2435 289 2497 εί
297 2439 360 2497 σοῦ
372 2432 602 2518 λαμβάνοντος
611 2435 666 2500 καὶ
677 2436 958 2520 χρηματιζομένου
969 2432 1033 2501 άπὸ

79 2537 147 2596 των
164 2534 333 2614 εἰσφορῶν
352 2521 401 2597 όν
413 2534 635 2616 εἰσέπραττες,
658 2528 723 2598 άπὸ
734 2537 803 2598 τῶν
812 2530 1035 2618 ψηφισμάτων

79 2617 295 2714 άνχράφεις,
316 2623 377 2713 άφ’
392 2620 614 2715 άνείσφέρεις
623 2628 753 2714 νόμων,
777 2627 831 2696 διά
843 2626 1034 2714 μικρόνάρ-

78 2726 197 2809 μόριον
208 2723 252 2810 μὴ
265 2729 389 2812 μετέχει
399 2735 457 2812 τῆς
467 2728 605 2812 πόλεως,
617 2728 747 2810 ἑτέρους
758 2725 788 2794 δ’
802 2730 936 2812 ἐλεῆσαί
942 2752 1035 2804 τινας

29 2852 69 2903 202
79 2824 159 2911 φῄς;
173 2822 257 2891 άλλόι
268 2823 309 2911 νὴ
321 2832 389 2893 Δία
402 2824 465 2911 τὴν
477 2824 628 2912 άδελφὴν
638 2834 747 2905 καλῶς
758 2826 928 2917 διῴκηκεν.
958 2824 1031 2893 ἀλλ’

79 2926 109 2987 εί
118 2923 173 2987 καὶ
183 2922 286 3006 μηδὲν
297 2921 377 2992 άλλο
387 2921 509 3010 ἠδίκει,
522 2924 605 2992 κατά
616 2922 708 2992 τοῦτ’
720 2921 810 3004 άξιός
820 2922 887 2992 ἐστ’
900 2922 1034 2992 άπολω-

78 3024 185 3087 λε’ναι·
209 3022 355 3104 πέπρακε
373 3020 438 3109 γάρ
456 3020 579 3108 αὐτὴν,
602 3021 666 3090 οὐκ
683 3025 852 3090 ἐκδέδωκε.
884 3020 1032 3106 τῶνγὰρ

78 3116 247 3204 ὑμετέρων
264 3122 395 3206 ἐχθράν
413 3123 478 3208 ἑνὶ,
500 3125 697 3209 Κερκυραίῳ
708 3122 773 3188 τινὶ
783 3127 851 3187 τεόν
861 3127 927 3185 νῦν
938 3118 1033 3202 ἐχόν-

78 3242 145 3282 των
155 3214 218 3303 τὴν
230 3217 343 3304 πόλιν,
356 3219 555 3287 καταλύοντι
565 3216 644 3304 παρ’
658 3217 760 3304 αὐτῷ,
773 3216 828 3286 ότι
840 3223 940 3300 δεῦρο
951 3239 1032 3301 πρε-

77 3315 201 3400 σβεύοι,
218 3316 272 3382 καί
282 3320 484 3401 βουληθέντι
493 3324 609 3404 λαβεῖν
619 3314 726 3403 αὐτήν
736 3319 782 3404 (ἐξ
793 3308 836 3385 οὗ
847 3314 1030 3401 δὲτρόπον,

76 3419 283 3497 παραλείψω)
306 3411 421 3499 λαβών
443 3414 607 3502 άρχάριον
628 3417 765 3483 δέδωκε·
787 3417 843 3483 καὶ
858 3422 924 3482 νῦν
943 3417 1032 3482 ἐστιν
