2370 3854
120 234 140 289 λ
326 235 384 292 XX.
421 230 842 292 ΔΗΜΟΣΘΕΝΟῬΣ

119 404 224 475 ναῖοι,
246 393 302 460 καὶ
321 388 373 458 ἐπ’
386 387 497 459 όίλλων
507 397 641 457 πολλῶν
651 393 707 458 καὶ
723 388 772 478 ἐφ’
786 382 836 458 όν
847 389 940 460 εἶπον
952 397 1017 462 λδοι
1027 419 1077 472 τις

120 484 163 556 όν
174 495 338 574 τοιοῦτον,
352 487 494 568 ἀψευδὲς
503 489 559 555 καὶ
568 485 722 573 χρηστόν,
740 486 783 555 οὐ
794 487 831 556 τό
845 492 1074 558 λυσιτελέστα-
1082 494 1126 550 461

119 613 179 655 τον
190 584 273 674 πρός
284 585 448 672 ἀργύριον
458 593 625 668 σκοποῦν,
643 582 728 652 τἰλλέι
744 593 778 654 τί
793 589 848 655 καὶ
867 586 974 656 καλὸν
986 597 1074 672 προῖ-

120 690 186 765 ξαι·
213 683 251 752 τό
264 684 372 753 δὲτοῦ
389 687 508 762 θέντος
527 679 588 750 τόν
604 682 727 769 νόμον,
748 683 788 751 τό
804 687 866 771 μὲν
882 684 951 754 ἄλλ’
969 692 1073 772 έγωγε

120 782 183 854 οὐκ
196 782 269 852 οἶδα
287 781 367 851 οὐδὲ
377 786 465 868 λέγω
482 789 637 868 φλαῦρον
654 782 842 852 οὕδὲνοόδέ
853 786 1012 869 σύνοιδα,
1033 787 1072 853 ἐκ

120 882 228 950 δὲτοῦ
239 879 347 966 νόμου
364 888 500 947 σκοπολν
518 876 661 964 εὑρίσκω
679 877 767 949 πολὺ
788 882 911 951 τούτου
932 905 1072 968 κεχωρι-

76 989 110 1043 14
120 981 252 1066 σμένον.
281 978 365 1064 φημὶ
385 983 501 1044 τοίνυν
511 976 575 1062 έγιδ
598 978 736 1046 κόλλιον
751 979 834 1048 εἶναι
851 986 973 1047 τοῦτον
990 977 1072 1066 ὑμῖν

119 1077 350 1165 ἀκολουθῆσαι
371 1078 446 1162 περὶ
466 1085 528 1143 τοῦ
544 1083 643 1144 λῦσαι
658 1076 718 1147 τὸν
737 1076 844 1164 νόμον
861 1075 884 1164 ἢ
894 1075 1072 1164 ὑμεῖςτοό-

118 1203 164 1266 τῳ
185 1181 260 1263 περὶ
285 1183 347 1245 τοῦ
367 1177 508 1258 θέσθαι,
538 1176 594 1243 καὶ
620 1178 886 1261 λυσιτελέστερον
908 1175 993 1244 εἶναι
1016 1179 1072 1244 καὶ

118 1272 198 1361 ὑμῖν
209 1275 263 1342 καὶ
279 1272 386 1363 τούτῳ
403 1270 465 1359 τήν
481 1272 579 1358 πόλιν
598 1280 787 1343 πεπεικέναι
798 1281 965 1361 Λεπτίνην
975 1271 1072 1362 ὅμοι-

119 1401 159 1442 ον
176 1372 262 1463 αὐτῇ
276 1375 436 1459 γενέσθαι
453 1377 564 1441 δοκεῖν
579 1366 603 1459 ἢ
618 1370 725 1460 αὐτὴν
737 1369 802 1441 ὑπὸ
820 1373 942 1441 τούτου
958 1387 1072 1441 πεπεῖ-

117 1483 199 1540 σθαι
210 1469 330 1557 ὁμοίαν
340 1469 425 1539 εἶναι
441 1470 564 1558 τούτῳ·
599 1467 678 1538 οὐδὲ
696 1471 761 1557 γὰρ
780 1475 811 1539 εί
825 1472 916 1538 πάνυ
931 1471 1071 1557 χρηστός

116 1568 199 1654 ἐσθ’,
218 1567 262 1648 ὡς
274 1573 356 1654 ἐμοῦ
365 1566 393 1655 γ’
409 1568 508 1636 ἕνεκα
525 1575 626 1653 ἔστω,
647 1575 786 1655 βελτίων
797 1571 864 1636 ἐστὶ
875 1576 933 1654 τῆς
944 1569 1071 1651 πόλεως

116 1667 153 1737 τό
166 1661 260 1756 ἦδος.

76 1786 109 1840 15
201 1770 334 1852 Νομίζω
345 1772 462 1832 τοίνυν
473 1761 570 1851 ὑμᾶς,
584 1757 609 1831 ό
621 1765 742 1847 ἄνδρες
753 1769 902 1833 δικασταὶ
909 1817 918 1849 ,
930 1767 1070 1853 ἄμεινον

117 1860 162 1932 όν
173 1864 247 1948 περὶ
265 1869 326 1931 τοῦ
343 1862 509 1949 παρόντος
524 1862 791 1949 βουλεύσασθαι,
814 1869 845 1932 εί
858 1861 992 1932 κόκείνο
1004 1865 1070 1951 μό-

116 1972 226 2047 θοιτε,
249 1961 299 2031 ότι
315 1955 343 2052 ᾦ
359 1963 453 2050 μόνω
464 1962 593 2047 μειξους
615 1963 697 2028 είσὶν
718 1966 755 2028 αἱ
773 1961 942 2048 παρὰτωυ
953 1963 1070 2052 δήμων

116 2065 237 2149 δωρεαὶ
247 2069 314 2128 τοῖν
325 2058 412 2145 παρέ
425 2057 795 2128 τοῖνόίλλωνπολιτειοῖν
806 2064 1001 2146 διδομένων,
1013 2063 1070 2129 καὶ

115 2166 215 2228 τοῦτο
232 2156 414 2245 ἀναιρεῖται
429 2165 495 2225 νῦν
511 2164 560 2246 τῷ
571 2157 678 2247 νόμω.
712 2167 754 2246 τῇ
763 2157 824 2243 μέν
839 2158 904 2246 γὰρ
925 2166 1071 2251 χρείᾳτη
1110 2244 1112 2248 ⁴

114 2266 183 2326 τῶν
194 2255 443 2344 εὑρισκομένων
459 2256 517 2336 τοὶς
534 2255 660 2340 δωρεὰς
678 2260 712 2324 οί
727 2256 887 2341 τύραννοι
904 2261 959 2326 καὶ
969 2256 1071 2338 οίτόις

115 2354 302 2442 ὀλιγαρχίας
313 2360 440 2442 ἔχοντες
451 2354 591 2443 μάλιστα
603 2356 765 2431 δύνανται
775 2361 888 2440 τιμᾶν·
906 2357 1070 2425 πλούσιον

115 2453 180 2540 γὰρ
192 2452 233 2522 όν
249 2449 293 2520 όν
309 2454 497 2539 βούλωνται
512 2454 699 2541 παραχρῆμ’
709 2457 884 2539 ἐποίησαν·
908 2463 948 2543 τῇ
965 2455 1002 2523 δὲ
1019 2480 1070 2523 τι-

115 2560 162 2640 μῇ
173 2557 227 2619 καλ
238 2559 278 2639 τῇ
289 2552 478 2638 βεβαιότητι
488 2550 548 2629 τοὶς
562 2551 652 2634 παρὰ
663 2559 733 2619 τοῖν
744 2553 861 2638 δήμων
872 2551 1000 2637 δωρεὰς
1011 2549 1070 2619 εὖ·

76 2668 107 2724 16
116 2650 232 2737 ρήσετε
244 2648 347 2728 οόσας
356 2655 513 2734 βελτίους.
543 2648 582 2716 τό
593 2675 627 2715 τε
645 2645 765 2736 γὰρμὴ
777 2646 842 2735 μετ’
854 2650 1013 2736 αίσχόυης
1025 2647 1071 2730 ὡς

116 2746 341 2816 κολακεύοντα
362 2747 559 2833 λαμβάνειν,
582 2743 651 2814 ἀλλ’
674 2749 711 2814 έν
732 2753 883 2837 ἰσηγορίᾳ
905 2753 1070 2817 δοκοῦντα

116 2845 210 2925 ἄξιόν
221 2871 312 2923 τινος
322 2843 407 2912 είυαι
416 2853 577 2930 τιμᾶσθαι
587 2852 656 2913 τοῖν
666 2851 880 2932 καλῶνέστι,
902 2847 942 2915 τό
956 2873 991 2914 τε
1002 2844 1069 2917 ὑπὸ

116 2952 185 3012 τοῖν
195 2940 321 3029 ὁμοίων
333 2942 479 3010 ἑκόντων
488 2942 722 3029 θαυμάζεσθαι
737 2953 799 3011 τοῦ
816 2946 905 3030 παρὰ
927 2953 990 3013 τοῦ
1011 2950 1068 3014 δε-

117 3040 245 3111 σπότου
256 3040 440 3127 λαμβάνειν
456 3039 572 3111 ὁτιοῦν
593 3055 743 3127 κρεῖττον
754 3043 839 3112 εἶναι
855 3049 954 3113 δοκεῖ.
977 3042 1068 3129 παρὰ

117 3138 253 3226 μὲνγὰρ
265 3142 403 3218 ἐκείνοις
424 3147 542 3227 μείζων
559 3143 649 3210 ἐστὶν
669 3140 687 3210 ό
700 3151 762 3210 τοῦ
772 3146 951 3229 μέλλοντος
961 3144 1070 3231 φόβος

115 3238 516 3327 τῆςπαροόσηςχοίριτος,
539 3240 629 3324 παρὰ
641 3240 673 3309 δ’
684 3239 768 3328 ὑμῖν
778 3239 970 3322 α’δεοίςόίόν
981 3243 1070 3330 λόβη

75 3346 105 3401 17
115 3366 164 3419 τις
174 3343 260 3426 ἔχειν
271 3336 396 3425 ὑπῆρχε
407 3337 467 3407 τόν
478 3347 563 3425 γοῦν
575 3337 677 3407 ἄλλον
687 3339 818 3426 χρόνον.
851 3338 868 3407 ὁ
880 3348 997 3409 τοίνυν
1007 3341 1071 3428 τὴν
1079 3358 1126 3414 461

112 3443 224 3506 πίστιν
245 3437 400 3522 όφαιροῖν
421 3447 490 3506 των
512 3442 647 3519 δωρεῶν
668 3438 772 3524 νόμος
795 3430 868 3507 οὖν(
878 3465 904 3525 ς,
928 3430 955 3529 ᾧ
975 3440 1071 3527 μόνω
