2370 3854
340 162 482 223 ΠΡΟΣ
510 164 615 223 ΑΕΗ
624 164 803 225 ΤΙΝΗΝ.
1012 165 1053 229 19

95 348 157 411 γον
167 318 362 408 ἀνθρώπων
372 330 485 389 καλεῖν
495 319 672 407 κάγαθῶν
691 326 902 411 ἐψηφίσασθε
912 325 977 412 γὰρ
989 326 1053 393 οὐ·

95 436 164 500 τοῖς
181 418 310 490 ἀπανθ’
333 413 382 489 οἷν
391 423 532 489 ἐδέοντο.
566 420 634 488 εἶτα
645 430 749 490 ταῦτα
760 430 825 491 νῦν
836 432 866 493 εί
873 424 934 512 χρη
952 425 1053 510 κόρια

95 547 181 589 εναι
197 527 402 606 σκοτιοῦμεν;
424 516 536 587 ἀλλ’ὁ
558 520 656 605 λόγος
679 531 812 606 πρῶτον
833 523 965 611 αίσχρός
986 539 1054 604 τοῖς

94 623 352 705 σκοπουμένοις,
375 626 463 696 εἴτις
474 615 648 687 ἀκούσειεν
666 617 710 698 ὥς
718 617 889 707 Ἀθηναῖοι
906 630 1054 691 σκοποῦ-

94 738 151 785 σιν
167 724 199 786 εί
211 714 273 804 χρὴ
291 715 371 795 τούς
388 715 560 801 εὐεργέτας
576 721 635 786 ε’ἀν
652 716 692 785 τοὶ
709 721 852 786 δοθέντα
866 724 965 805 ἔχειν·
988 722 1054 788 τιά-

95 825 151 886 ίαι
161 813 226 901 γάρ
237 819 399 900 ἐσκέφθαι
410 825 514 884 ταῦτα
525 820 579 886 καὶ
589 820 759 904 ἐγνῶσθαι
770 826 947 904 κροσῆκεν.
969 815 1054 889 ἀνά-

94 925 206 1001 γνωθι
215 916 271 982 καὶ
281 922 380 985 τοῦτο
391 915 428 984 τὸ
440 915 594 1003 ψήφισμα
605 915 726 996 αὐτοῖς.

465 1090 695 1151 ΨἩΦΙΣΜΑ.

51 1226 88 1281 ῖίι
174 1210 215 1279 “A
225 1213 286 1299 μὲν
297 1215 506 1298 ἐψηφίσασθε
515 1227 583 1301 τοῖς
594 1202 759 1298 φεύγουσι
771 1212 817 1281 δι’
830 1211 916 1298 ὑμεῖς
926 1221 1052 1299 Κοριν-

95 1319 202 1399 θίων,
223 1308 319 1379 ταῦτ’
334 1314 438 1396 ἐστὶν,
462 1304 489 1377 ἀ
500 1311 620 1395 ἀνδρες
631 1317 790 1379 δικασταί.
823 1310 885 1394 ὅρα
897 1309 942 1396 δ’,
964 1320 998 1378 εί
1004 1337 1053 1388 τις

95 1414 246 1488 ἐκείνους
262 1407 343 1488 τοδς
359 1409 499 1492 καιρούς
515 1409 614 1496 ίδάν,
634 1406 917 1497 ἀπαρωυῆτινος
928 1407 1053 1488 εἰδότος

98 1508 277 1589 διεξιόντος
293 1507 457 1595 ἀκούσας,
480 1506 623 1576 ἀκούσαι
640 1518 703 1577 τοῦ
722 1508 832 1596 νόμον
853 1508 975 1577 τούτου
995 1508 1054 1586 τάς

95 1606 174 1677 τότε
185 1605 313 1695 δωρεὰς
322 1612 479 1686 δοθείσας
490 1606 758 1693 ἀφαιρουμένου,
780 1607 865 1694 ὅσην
873 1604 918 1675 ἀν
934 1616 1054 1676 κακίαν

94 1712 166 1774 τῶν
182 1708 337 1793 θεμένων
352 1704 414 1773 τόν
430 1706 537 1792 νόμον
552 1713 748 1792 καταγνοίη,
771 1712 805 1773 οἳ
819 1705 909 1790 τιαρά
925 1706 987 1792 μὲν
997 1704 1055 1784 τάς

93 1808 208 1891 χρείας
218 1801 307 1870 οὕτω
319 1804 555 1890 φιλάνθρωποι
565 1806 621 1872 καὶ
630 1805 740 1872 πάντα
750 1812 934 1892 ποιοῦντες,
942 1803 1053 1891 ἐπειδὴ

95 1899 130 1969 δ’
143 1901 330 1989 ἐπράξαμεν
339 1901 445 1969 πάνθ’
459 1899 509 1969 όσ’
524 1898 567 1970 ἀν
578 1900 755 1989 εὐξαίμεθ’,
768 1902 874 1981 οὕτως
885 1902 1055 1988 ἀχάριστοι

94 2001 154 2069 καὶ
165 2002 261 2069 κακοὶ
277 2000 363 2070 ὥστε
378 2000 457 2079 τούς
467 1998 497 2068 τ’
511 2006 643 2086 ἔχοντας
654 2000 858 2091 ἀφηρήμεθα
868 2005 924 2070 καὶ
933 2003 971 2070 τὸ
983 2010 1056 2069 λοι-

50 2098 166 2169 ῖδοιδν
175 2104 294 2188 μηδενί
305 2104 423 2167 δοῦναι
432 2099 526 2167 ταῦτ’
539 2104 658 2181 ἐξεῖναι
668 2103 776 2187 νόμον
785 2109 991 2186 τεθείκαμεν.
1012 2098 1053 2186 νη

95 2198 152 2269 Δί’
184 2196 314 2280 ἀνάξιοι
332 2198 397 2285 γάρ
419 2225 506 2277 τινες
526 2208 594 2266 τῶν
619 2197 814 2285 εὑρημένων
834 2198 929 2265 ταῦτ’
951 2191 1053 2284 ἦσαν·
1065 2210 1116 2263 474

95 2300 191 2369 τουτὶ
206 2295 270 2383 γάρ
289 2297 380 2380 παρὰ
396 2296 496 2364 πάντ’
510 2297 672 2364 ἔσταιτὸν
682 2296 784 2381 λόγον
795 2294 914 2375 αὐτοῖς.
952 2291 1053 2363 ἔκειτ’

98 2402 206 2466 ἐκεῖνο
216 2394 353 2483 ἀγνοεῖν
362 2397 530 2483 φήσομεν,
543 2395 594 2464 ὅτι
603 2396 665 2481 την
676 2393 787 2482 ἀξίαν,
803 2395 884 2464 όταν
899 2400 1052 2482 διδῶμεν,

98 2500 155 2567 δεῖ
167 2511 321 2583 σκοπεῖν,
342 2494 384 2562 οὐ
399 2496 479 2582 μετά
498 2493 600 2563 ταῦθ’
619 2494 763 2581 ὕστερον
778 2495 888 2583 χρόνῳ
900 2503 1055 2580 παμπλη-

96 2606 163 2667 θεῖ.
197 2593 236 2663 τό
253 2595 315 2683 μὲν
330 2595 395 2682 γάρ
414 2599 446 2675 ἐξ
463 2594 564 2679 ἀρχῆς
575 2622 606 2661 τι
616 2593 660 2681 μη
673 2599 792 2661 δοῦναι
802 2594 918 2682 γνώμη
928 2615 1055 2680 χρησα-

47 2772 49 2786 Ι
96 2698 213 2783 μένων
223 2698 323 2779 ἔργον
332 2691 524 2780 ἀνθρώπων
535 2696 612 2781 ἐστὶ,
624 2692 661 2760 τό
674 2694 710 2761 δὲ
721 2693 799 2771 τούς
810 2698 943 2778 ἔχοντας
953 2692 1055 2778 ἀφαι-

47 2826 50 2864 :
98 2802 235 2881 ρεῖσθαι
246 2792 487 2879 φθονούντων·
506 2801 604 2860 τοῦτο
615 2789 648 2859 δ’
660 2793 702 2861 οὐ
714 2798 767 2860 δεῖ
775 2798 887 2862 δοκεῖν
897 2790 982 2878 ὑμᾶς
994 2815 1054 2858 τιε-

97 2894 276 2963 τιονθέναι.
308 2893 364 2960 καὶ
381 2892 449 2979 μὴν
465 2888 539 2959 οὐδ’
553 2890 653 2959 ἐκεῖν’
666 2890 799 2977 ὀκνήσω
811 2894 886 2978 περὶ
895 2899 953 2977 τῆς
964 2888 1055 2968 ἀξίας

98 2990 202 3079 αὐτῆς
212 2987 297 3077 πρός
307 2986 394 3078 ὑμᾶς
405 2997 518 3059 εἰπεῖν.
539 2988 603 3075 ἐγά
616 2991 680 3074 γάρ
691 2986 733 3058 οὐ
745 2988 805 3058 τόν
814 2985 1055 3072 αὐτὸντρόπον

99 3094 222 3179 νομίζω
245 3087 340 3158 πόλει
361 3090 421 3158 τὸν
441 3090 536 3170 ἀξιον
551 3092 739 3169 ἐξεταστέον
757 3087 841 3157 εἶναι
858 3090 913 3155 καὶ
929 3085 1052 3174 ίδιιότη.

101 3186 257 3275 οάδέγάρ
268 3190 422 3275 περὶτῶν
433 3187 545 3256 αὐτοῖν
555 3186 575 3274 ἡ
587 3190 709 3269 σκέψις.
742 3192 810 3274 ίδίηι
822 3184 884 3271 μέν
893 3184 958 3272 γάρ
976 3186 1055 3251 ἕκα-

101 3310 177 3369 στος
193 3286 294 3375 ἡμῶν
311 3303 428 3355 σκοπεῖ
441 3295 490 3365 τίς
506 3286 594 3367 ἀξιός
611 3290 700 3354 ἐστιν
711 3286 853 3354 ἑκάστου
863 3277 1062 3370 κηδεστὴςῆ

103 3388 344 3459 τῶντοιούτων
355 3414 386 3451 τι
397 3393 590 3478 νίγνεσθαι,
613 3396 720 3457 ταῦτα
738 3385 774 3458 δε
794 3387 854 3458 καὶ
870 3383 996 3515 νόμοις
1010 3381 1083 3447 τισὶ

878 3490 900 3543 ‘2
