2370 3854
376 256 521 312 ΚΑΤΑ
552 253 796 315 MEIAIOY.
1020 260 1063 320 99

114 407 250 494 άφελεί·
271 409 337 479 δ’δ’
349 411 564 498 ἐπαιρόμενος
573 412 703 490 τούτοις
709 409 842 499 ὑβρίζει,
856 418 908 483 ἐπὶ
918 417 1062 496 πολλοὺς

112 510 168 575 καὶ
182 507 260 586 τούς
273 509 431 594 τυχόντας
441 508 538 595 ήμῶν
555 508 788 596 ἀφικνούμενα
799 509 876 597 ὁρω.
905 512 947 582 οὐ
958 519 1012 582 δεῖ
1018 514 1059 603 δή

112 606 151 673 τά
163 615 298 674 τοιαῦτα
310 608 464 676 ἑκάστοτε
474 616 574 693 τιμάν
585 605 664 676 ούδὲ
674 609 858 695 θαυμάζειν
874 609 975 699 ὑμᾶς,
999 613 1060 680 ού-

114 706 149 771 δὲ
161 703 223 789 τήν
233 712 423 790 φιλοτιμίαν
441 709 477 773 ἐκ
490 707 620 773 τούτων
631 713 773 792 κρίνειν,
798 717 832 776 εί
836 735 885 787 τις
895 716 1060 797 οίκοδομεῑ

112 810 271 889 λαμπρῶς
281 804 303 890 ή
313 813 519 890 θεραπαίνας
530 807 682 891 κέκτηται
692 802 847 894 πολλάςή
858 809 971 894 σκεύη,
989 806 1057 876 ἀλλ’

113 899 148 979 ὃς
161 898 205 968 άν
215 904 254 968 ἐν
265 902 396 981 τούτοις
412 903 561 988 λαμπρός
577 906 641 970 καί
649 904 820 988 φιλότιμος
830 896 869 991 ή,
893 896 941 972 ύν
957 902 1059 972 άπασι

112 1003 240 1084 μέτεστι
249 1015 317 1078 τοῖς
327 1009 461 1080 πολλοῖς
470 998 585 1087 ὑμῶν·
609 993 657 1068 τόν
669 999 768 1069 οὐδὲν
784 999 941 1088 εὑρήσετε
950 1004 1057 1090 τούτῳ

113 1098 251 1183 προσόν.
326 1120 329 1127 ·

52 1219 101 1270 150
192 1195 288 1264 Ἀλλά
299 1196 342 1282 νή
353 1204 420 1265 Δία
431 1197 548 1283 τριήρη
560 1202 741 1265 ἐπέδωκεν·
773 1199 899 1285 ταύτην
915 1199 980 1283 γάρ
994 1198 1056 1267 οἶδ’

110 1296 161 1362 ὅτι
172 1297 352 1383 θρυλήσει,
373 1299 427 1362 καλ
445 1293 639 1381 φήσει“ε’γώ
655 1292 735 1379 ύμῑν
752 1297 869 1381 τριήρη
882 1295 1058 1363 έπέδωκα.”

110 1392 231 1461 οὑτωσὶ
243 1395 283 1477 δή
296 1393 460 1477 ποιήσατε.
485 1397 516 1458 εί
523 1393 593 1477 μὲν,
606 1383 948 1476 οἷάυδρεςἏθηναίοι,
961 1402 1059 1478 φιλο-

109 1497 216 1574 τιμίας
227 1491 324 1556 ’ένεκα
334 1490 459 1576 ταύτην
471 1492 651 1573 ἐπέδωκεν,
674 1485 717 1574 ήν
733 1484 892 1574 προσήκει
908 1498 977 1556 τῶν
989 1516 1058 1556 τοι-

111 1587 220 1653 ούτων
236 1592 322 1672 ἔχειν
336 1588 451 1672 χάριν,
472 1588 597 1672 ταύτην
616 1593 703 1671 ε”χετε
721 1585 815 1675 αύτῷ
832 1590 886 1654 καλ
903 1585 1055 1672 ἀπόδοτε,

109 1684 255 1771 ὑβρίζειν
277 1689 312 1753 δὲ
333 1685 377 1773 μή
392 1690 490 1753 δεῖτε·
522 1682 661 1762 ούδενός
682 1686 746 1770 γάρ
769 1685 959 1770 πράγματος
980 1685 1054 1752 οὐδ’

109 1789 209 1868 ἔργον
230 1792 329 1851 τούτο
353 1785 592 1870 συγχωρητέον.
628 1787 659 1848 εί
673 1781 710 1847 δὲ
729 1779 769 1866 δή
790 1784 846 1848 καί
864 1787 984 1861 δειλίας
1002 1787 1057 1850 καὶ

109 1882 288 1970 ἀνανδρίας
298 1885 395 1952 ἕνεκα
402 1882 611 1970 δειχθήσεται
621 1887 720 1947 τοῦτο
731 1879 926 1966 πεποίηκάς,
935 1879 978 1965 μή
991 1907 1056 1947 πα-

109 1991 350 2070 ρακρουσθῆτε.
374 1992 444 2061 πῶς
455 1975 519 2049 οὖν
531 1988 677 2057 είσεσθε;
698 1975 762 2062 ἐγύ
779 1980 834 2044 καί
850 1986 948 2044 τοῦτο
963 1979 1056 2045 διδά-

49 2093 96 2144 161
108 2084 160 2159 ξω.
194 2083 345 2165 ἐγένοντο
365 2087 410 2159 είς
425 2079 577 2166 Εὔβοιαν
594 2078 756 2154 ἐπιδόσεις
772 2074 846 2162 παρ’
865 2075 945 2160 ύμῖν
963 2083 1056 2159 πριδ-

107 2204 176 2244 ται·
199 2179 327 2245 τούτων
339 2177 401 2245 ούκ
411 2172 455 2264 ἦν
465 2182 624 2259 Μειδίας,
646 2173 715 2242 ἀλλ’
728 2173 809 2258 ἐγω,
831 2176 1056 2259 καλσνντριή-

110 2301 229 2361 ραρχος
240 2269 283 2360 ήυ
295 2302 351 2360 μοι
362 2282 495 2352 Φιλῖνος
513 2272 783 2357 ὁΝικοστράτου.
817 2272 924 2352 ἕτεραι
942 2272 1056 2337 δεύτε-

110 2396 165 2453 ραι
182 2371 262 2455 μετά
278 2379 384 2437 ταῦτα
402 2377 447 2448 είς
459 2370 647 2437 Ὄλυνθον·
670 2366 749 2436 οὐδὲ
766 2367 896 2435 τούτων
912 2361 956 2453 ήν
966 2375 1055 2434 Μει-

110 2473 188 2544 δίας.
217 2473 324 2534 καίτοι
339 2466 401 2536 τόν
411 2494 451 2554 γε
467 2466 508 2553 δή
521 2466 698 2554 φιλότιμον
708 2474 878 2551 πανταχοῦ
888 2474 1055 2553 προσῆκεν

108 2566 321 2646 ἐξετάζεσθαι.
354 2573 459 2651 τρίται
473 2574 540 2634 νῦν
556 2557 655 2632 αύται
670 2565 849 2650 γεγόνασιν
869 2565 1052 2643 ἐπιδόσεις·

106 2668 253 2730 ἐνταῦθα
264 2667 415 2732 ἐπέδωκε.
439 2672 525 2745 πωςς
547 2666 585 2731 ἐν
595 2670 634 2750 τῇ
644 2670 751 2749 βουλή
761 2666 967 2747 γιγνομένων
977 2667 1045 2730 ἐπι·

48 2769 95 2821 1θῖ
107 2761 233 2828 δόσεων
245 2760 362 2846 παρόν
373 2761 436 2830 ούκ
451 2765 606 2830 ἐπεδίδου
617 2761 707 2828 τότε·
737 2760 848 2848 ἐπειδή
866 2762 901 2830 δὲ
918 2771 1114 2846 πολιορ-εστ

107 2867 239 2925 κεῖσθαι
259 2860 338 2937 τούς
360 2863 397 2927 ἐν
421 2861 592 2946 Ταμύναις
614 2858 812 2944 στρατιώτας
834 2862 1052 2946 ἐξηγγέλλετο,

107 2959 162 3022 καὶ
179 2957 305 3036 πάντας
322 2960 439 3038 ἐξιέναι
455 2960 533 3036 τούς
550 2957 755 3036 ὑπολοίπους
778 2962 911 3042 ἱππίας,
937 2950 985 3023 οἷν
1008 2955 1054 3035 εἷς

107 3046 205 3131 οὗτος
220 3046 279 3139 ήν,
300 3053 597 3142 προεβούλευσενή
610 3051 733 3140 βουλή,
755 3060 934 3138 τηνικαῦτα
946 3058 1054 3137 φοβη-

104 3151 179 3228 θείς
190 3151 251 3237 τήν
264 3159 436 3237 στρατείαν
446 3152 573 3237 ταύτην
584 3158 629 3230 εἰς
646 3150 707 3238 τὴν
725 3155 884 3218 ἐπιοῦσαν
902 3153 1053 3234 ἐκκλησί-

107 3275 159 3333 αν,
172 3248 250 3331 πρὶν
261 3249 315 3315 καὶ
327 3252 510 3338 προέδρους
516 3254 727 3331 -καθιζεσθαι,
738 3244 918 3328 παρελθών
928 3251 1051 3316 ἐπέδω-

106 3373 175 3413 κεν.
206 3354 254 3437 τῷ
264 3351 377 3432 δῆλον,
396 3348 479 3416 ὥστε
489 3346 566 3435 μηδ’
581 3346 747 3414 άντειπεῐν
761 3342 865 3412 αὐτόν
875 3350 976 3431 ἔχειν,
1000 3345 1051 3413 ὅτι

107 3441 170 3529 τήν
182 3452 354 3527 στρατείαν
366 3446 512 3531 φεύγων,
525 3444 567 3514 ού
579 3451 758 3533 φιλοτιμίᾳ,
775 3441 865 3511 τοῦτ’
880 3448 1050 3567 ἐποίησενς

637 3570 641 3585 .
675 3574 678 3579 ,
859 3541 876 3581 π
