2370 3854
203 221 347 284 ΚΑΤΑ
367 222 848 285 ΑΡΙΣΤΟΓΕΙΤΟΝΟΣ
867 225 908 286 A.
928 287 931 290 ,
973 224 1035 290 281

86 379 295 468 σιωτάτωνή
317 391 385 451 τοῖν
407 381 767 471 λελειτουργηκότωνή
788 385 1036 454 τῶντοιούτων

86 478 176 561 τιυύς
186 489 309 568 μερῶν,
320 480 502 566 ἀφορίσας,
512 481 591 560 τούς
602 483 759 567 λε’γοντας
771 482 856 550 εἶναι
868 489 933 570 δεῖ,
951 484 1036 553 ἀπο-

86 576 240 647 κτείναιτ’
259 573 303 645 ἀν
314 576 418 646 αύτδν
430 572 470 647 εύ
482 578 546 647 οἷδ’
555 577 616 664 ὅτι,
631 577 675 659 ἀς
687 581 895 656 καταλύοντα
906 582 966 651 τὸν
977 589 1038 672 δή·

42 697 160 762 ὅρμον.
193 678 248 745 καὶ
266 681 399 755 δικαίως
415 671 459 744 ἀν
476 686 575 746 τοῦτο
594 679 771 764 ποιήσαιτε.
810 681 864 747 καὶ
886 680 952 767 μήν
971 679 991 749 ὅ
1007 710 1037 750 τι
1046 698 1097 756 779

87 776 254 861 βούλεσθε
264 774 395 842 τούτων
405 767 508 861 ήττόν
522 780 589 844 ἐστι
600 774 744 865 δεινόνή
756 787 788 846 εί
795 805 853 861 τις,
872 783 903 859 ἐξ
916 772 964 846 ἀν
976 773 1037 847 ού-

85 874 142 953 τός
154 877 221 942 ἐστι
232 883 359 960 μεροῖν,
382 882 468 941 είποι
484 889 552 954 τοῖς
569 881 772 963 βιαζομένοις
789 879 906 955 ἐξεῖναι
918 879 1036 965 λέγειν,

84 968 106 1058 ή
117 986 184 1049 τοῖς
194 973 231 1039 ἐκ
241 980 304 1039 τοῦ
315 977 558 1059 δεσμωτηρίου,
570 969 593 1059 ή
603 988 671 1054 τοῖς
682 967 732 1042 ἀν
742 973 933 1045 ἀπέκτεινεν
944 974 962 1043 ὁ
977 980 1037 1062 δή-
1133 1036 1135 1040 ⁴

85 1097 145 1157 μος
163 1068 241 1149 τούς
258 1074 416 1159 πατέρας,
439 1068 540 1157 ήτοῖς
553 1071 910 1160 ἀποδεδοκιμασμένοις
921 1073 1036 1160 άρχειν

85 1177 253 1256 λαχοῦσιν,
265 1165 288 1257 ή
299 1184 368 1249 τοῖς
380 1168 553 1255 ὀφείλουσι
570 1178 618 1258 τῷ
628 1175 790 1259 δημοσίω,
806 1171 828 1256 ή
845 1185 913 1250 τοῖς
925 1172 1036 1239 καθά-

84 1273 147 1348 παξ
159 1265 296 1354 ἀτίμοις,
308 1265 330 1354 ή
340 1282 408 1346 τοῖς
417 1268 652 1353 πονηροτάτοις
666 1271 720 1334 καί
731 1272 867 1336 δοκοῦσι
878 1271 932 1337 καί
944 1263 1034 1338 ούσι·

85 1368 194 1435 πάντα
212 1365 278 1453 γάρ
292 1362 391 1434 ταῦθ’
409 1364 549 1451 ὑπάρχει
564 1369 688 1456 τούτῳ,
716 1369 771 1433 καὶ
792 1365 947 1453 πρόσεστι
968 1382 1036 1446 τοῖς

86 1462 220 1550 οἷόσπερ
243 1459 341 1544 ούτός
364 1467 431 1532 ἐστι
452 1464 644 1550 τὴνφύσιν.
678 1463 741 1550 ἐγώ
762 1462 843 1549 χάρ,
868 1458 895 1531 ἀ
917 1463 1036 1550 ἀνδρες

80 1560 263 1650 Ἀθηναῖοι,
281 1568 401 1649 νομίζω
413 1563 475 1649 μὲν
486 1561 590 1632 αύτὸυ
605 1564 660 1632 καὶ
674 1561 723 1649 ἐφ’
739 1560 787 1642 οἷς
798 1564 874 1631 νυνὶ
887 1577 977 1631 ποιεῖ
985 1569 1035 1630 δι-

86 1667 186 1740 καίως
198 1656 242 1728 ἀν
252 1659 455 1748 ἀποθανεῖν,
473 1662 560 1730 πολύ
571 1664 683 1749 μέντοι
693 1670 837 1749 μάλλον,
854 1657 987 1747 ήούδέν
998 1688 1036 1748 χε
1143 1695 1146 1698 ⁴

84 1752 200 1848 ήττον,
225 1758 274 1846 ἐφ’
286 1757 336 1840 οἷς
353 1761 453 1848 δῆλός
464 1764 530 1828 ἐστι
547 1762 711 1848 ποιήσων,
736 1766 765 1828 εί
780 1760 843 1846 τήν
853 1757 926 1846 παρ’
940 1757 1036 1846 ὑμῶν

40 1875 73 1928 31
85 1863 236 1939 ἐξουσίαν
246 1859 383 1946 λήψεται
394 1863 448 1928 καὶ
456 1860 588 1944 καιρόν·
602 1857 621 1930 δ
632 1858 675 1947 μή
688 1861 827 1946 γίνοιτο.
849 1857 869 1926 δ
880 1863 934 1927 καί
946 1869 1036 1926 δαυ-

84 1959 211 2045 μαστόν
222 1961 327 2046 ἐστιν,
351 1970 386 2028 εί
392 1987 439 2038 τις
450 1957 550 2047 ὑμῶν
566 1957 681 2047 ἀγνοεῖ
696 1958 748 2026 ὅτι
762 1960 814 2026 ἐπὶ
826 1960 888 2044 μὲν
898 1953 1034 2045 καλὸνή

84 2057 226 2145 χρηστόυ
237 2054 259 2145 ή
270 2066 329 2144 τής
346 2060 472 2137 πόλεως
489 2060 582 2138 ἀξιον
599 2067 734 2145 πρᾶγμα
746 2054 846 2126 οὐδὲν
857 2049 956 2136 ούτός
967 2060 1034 2124 ἐστι

82 2158 240 2243 χρήσιμος
251 2155 309 2242 (μή
322 2155 396 2240 γάρ,
410 2150 438 2224 ἀ
449 2165 515 2224 Ζεῦ
527 2159 582 2225 καὶ
592 2161 676 2240 θεοὶ,
688 2157 832 2242 τοσαύτη
845 2156 963 2233 σπάνις
975 2152 1036 2221 ἀυ-

84 2259 175 2337 δρῶν
185 2257 314 2339 γένοιτο
326 2263 367 2340 τῇ
377 2255 471 2320 πόλει
490 2252 573 2321 ὥστε
585 2252 674 2336 παρά
683 2253 957 2339 Ἀριστογείτονος
967 2260 1036 2319 των

84 2359 196 2418 καλῶν
212 2377 244 2417 τι
260 2350 494 2438 ποιήσασθαι)·
517 2348 567 2437 ἐφ’
586 2349 608 2419 δι’
625 2350 656 2418 δ’
676 2347 721 2418 ἀν
742 2353 796 2419 καὶ
812 2350 969 2437 χρήσαιτό
986 2378 1035 2430 τις

83 2447 222 2538 τοιούτω
233 2454 352 2536 θηρίῳ,
362 2447 566 2535 ἀπεύχεσθαι
576 2463 643 2529 τοῖς
651 2459 743 2528 θεοῖς
752 2448 796 2536 μή
806 2451 963 2535 γενέσθαι
975 2454 1033 2518 δεῖ.

84 2554 114 2615 εί
131 2543 164 2615 δ’
187 2545 252 2632 ἀρα
273 2553 435 2634 συμβαίη,
457 2547 566 2634 μεῖζόν
586 2552 675 2616 ἐστιν
692 2545 859 2634 εύτύχημα
879 2554 918 2636 τή
941 2547 1035 2615 πόλει

83 2644 250 2734 ἀπορήσαι
260 2644 340 2726 τούς
352 2649 579 2735 βουλομένους
591 2651 799 2734 ἐξαμαρτεῖν,
822 2644 862 2712 δι’
874 2637 916 2711 ού
932 2653 1032 2713 τοῦτο

82 2746 289 2833 ποιήσουσιν,
301 2743 324 2834 ή
334 2756 455 2815 τούτου
466 2746 647 2833 ἀφειμένον
658 2745 769 2824 αὐτοῖς
780 2747 913 2830 ἕτοιμον
923 2741 1034 2827 ύπάρ-

40 2851 143 2924 32ξαι.
166 2850 201 2910 τί
212 2845 277 2929 γάρ
295 2837 394 2926 οὗτος
411 2843 584 2932 ὀκνήσειεν
601 2842 661 2933 ἀν,
684 2838 843 2930 ἀάνδρες
851 2840 1032 2929 Ἀθηναῖοι,

82 2949 151 3007 τῶν
169 2939 360 3027 ἀνηκέστων
376 2939 399 3030 ή
419 2948 554 3029 δεινοῖν,
576 2943 756 3031 ἀνθρωπος
770 2941 888 3028 μιαρὸς
903 2945 957 3009 καλ
969 2967 1034 3009 πα-

83 3047 195 3130 τρικής
215 3043 337 3127 ἔχθρας
354 3039 437 3127 πρὸς
453 3043 513 3111 τδν
535 3047 642 3129 δῆμον
656 3039 852 3128 ἀνάμεστος;
875 3044 922 3116 τίς
939 3037 969 3104 δ’
990 3035 1033 3106 ἀν

84 3137 184 3215 ἀλλος
195 3145 334 3224 μάλλον,
346 3135 366 3206 δ
376 3137 420 3226 μή
433 3144 578 3227 γένοιτο,
590 3138 784 3223 ἀνατρέψειε
795 3135 857 3222 τήν
868 3136 982 3222 πόλιν,
1005 3141 1036 3203 εί

84 3233 203 3322 λάβοιτ’
225 3239 386 3318 ἐξουσίας;
419 3237 480 3325 ούχ
500 3237 598 3322 ὁρᾶτε
620 3238 671 3307 ὅτι
694 3248 750 3326 τής
772 3237 905 3323 φύσεως
927 3233 1034 3302 αύτού

83 3338 137 3401 καὶ
160 3344 218 3422 τῆς
239 3344 404 3416 πολιτείας
425 3337 466 3405 ού
486 3338 642 3424 λογισμὸς
666 3334 738 3406 οὐδ’
763 3335 862 3413 αίδιύς
882 3331 1030 3421 ούδεμία,
1109 3424 1112 3429 ¹

84 3429 151 3501 ἀλλ’
165 3434 308 3504 ἀπόνοια
318 3433 459 3525 ἡγεῖται,
476 3444 605 3524 μᾶλλον
617 3433 647 3504 δ’
662 3432 743 3503 ὅλον
756 3436 844 3502 ἐστίν
855 3429 998 3500 ἀπόνοια
990 3430 1128 3616 5¹
