2370 3854
154 183 216 247 378
352 188 474 243 XXXIII.
505 183 922 244 ΔΗΜΟΣΘΕΝΟΤΣ

128 345 281 426 οζάντιος
292 347 353 430 μὲν
363 342 400 413 τό
413 349 526 430 γένος,
539 341 649 429 φυμάς
660 340 691 410 δ’
704 347 844 412 ἐκεῖθεν.
866 342 1061 430 προσιόντες
1073 349 1115 413 δέ

153 470 209 530 μοι
226 447 262 510 ἐν
278 452 325 534 τῷ
335 447 479 531 ἐμπορίῳ
492 435 589 521 οὖτος
599 444 655 510 καὶ
666 439 684 510 ό
696 447 882 528 Παρμένων
892 442 1113 531 ἐμνήσθησαν

153 543 228 628 περὶ
245 539 415 628 ἀργυρίου.
447 546 539 625 ἔτυχε
555 540 591 608 δέ
609 537 721 608 οὑτοσὶ
733 539 879 626 ὀφείλων
889 543 992 629 ἐπίτή
1002 544 1059 628 νηὶ
1069 548 1113 628 τῇ

154 641 275 709 ἑαυτοῦ
284 637 525 725 τετταράκοντα
536 647 639 724 μνιῖς,
651 640 706 707 καὶ
718 643 752 706 οί
760 646 898 725 χρῆσται
907 639 1112 726 κατήπειγον

154 737 258 807 αὐτόν
268 737 483 814 ἀπαιτοῦντες
493 739 549 804 καὶ
559 737 759 823 ένεβότευον
770 742 815 813 είς
825 733 888 822 τήν
897 742 1001 821 ναῦν,
1019 744 1112 824 ελλη-

154 838 254 923 φότες
270 845 310 926 τῇ
321 834 534 923 ὑπερημερίᾳ.
571 832 790 924 ἀπορουμένῳ
802 832 834 901 δ’
849 831 941 923 αὐτῷ
951 843 1037 922 μνᾶς
1048 836 1112 921 μὲν

155 940 234 1003 δέκα
255 933 273 1003 ὁ
291 938 480 1020 Παρμένων
501 930 692 1018 ὡμολόγησε
714 934 850 1018 δώσειν,
873 932 1052 1020 τριάκοντα
1073 934 1112 1001 δέ

154 1041 239 1120 μνᾶς
249 1032 352 1100 ἐδεῖτό
364 1057 430 1117 μου
440 1024 538 1109 οὗτος
550 1039 815 1117 συνευπορῆσαι,
826 1030 1020 1118 αἰτιώμενος
1030 1029 1111 1110 τοῦς

154 1131 295 1219 χρήστας
312 1134 559 1216 ἐπιθυμοῦντας
576 1136 634 1214 τῆς
650 1126 734 1208 νεώς
746 1133 995 1217 διαβεβληκέναι
1005 1126 1112 1196 αὐτόν

154 1234 190 1297 ἐν
207 1237 253 1319 τῳ
269 1233 432 1318 ἐμπορίῳ,
454 1233 510 1295 ἵνα
526 1228 714 1313 κατάσχωσι
730 1225 792 1313 τήν
810 1235 897 1294 ναῦν
908 1233 954 1305 είς
966 1224 1112 1311 ἀπορίαν

130 1330 415 1417 λκαταστήσαντες
432 1336 493 1395 τοῦ
512 1325 698 1395 ἀποδοῦναι
713 1324 753 1394 τό
770 1324 929 1412 χρήματα.
960 1326 1031 1411 ἐμοὶ
1049 1324 1112 1411 μὲν

156 1420 220 1495 οῦν
241 1424 304 1494 οῦκ
328 1434 421 1513 ἔτυχε
442 1426 551 1513 παρόν
572 1423 751 1510 ἀργύριον,
774 1425 943 1509 χρεόμενος
960 1421 992 1491 δ’
1006 1420 1112 1509 Ἡρα-

156 1532 268 1614 κλείδη
289 1535 336 1615 τῷ
355 1530 527 1613 τραπεζίτῃ
549 1530 662 1591 ἔπεισα
686 1521 790 1590 αὐτόν
808 1527 955 1590 δανεῖσαι
970 1522 1011 1589 τά
1028 1521 1113 1609 χρή-

156 1650 241 1710 ματα
263 1624 408 1710 λαβόντα
430 1622 486 1709 έμὲ
507 1623 682 1709 ἐγγυητήν.
714 1621 777 1708 ήδη
797 1624 832 1690 δὲ
849 1629 917 1690 τῶν
931 1621 1112 1705 τριάκοντα

156 1731 250 1808 μνῦν
268 1726 520 1809 πεπορισμένων
536 1728 629 1807 ἔτυχε
645 1720 921 1805 προσκεκρουκώς
931 1746 963 1787 τι
972 1710 1112 1808 τοότῳό

155 1822 356 1906 Παρμένων·
387 1817 606 1906 ὡμολογηκὼς
633 1816 665 1885 δ’
695 1818 894 1906 εὐπορήσειν
918 1815 1008 1906 αὐτῷ
1031 1821 1112 1885 δέκα

156 1925 257 2003 μνᾶς,
276 1920 331 1985 καὶ
343 1918 472 1984 τούτων
484 1913 637 1994 δεδωκώς
648 1916 706 1994 τὰς
716 1931 817 2003 τρεῖς,
841 1914 896 1984 διά
907 1913 945 1985 τό
957 1918 1114 2000 προειμέ·

131 2041 219 2099 ςνον
237 2013 400 2101 ἀργύριον
416 2013 616 2102 ἠναγκάζετο
633 2016 689 2083 καὶ
699 2013 736 2083 τό
748 2012 867 2082 λοιπόν
879 2012 1015 2082 διδόναι.
1049 2011 1114 2080 αῦ-

156 2115 213 2193 τός
233 2114 294 2200 μέν
315 2107 379 2183 οὖν
399 2113 453 2182 διά
474 2113 567 2182 τοῦτ’
592 2110 655 2182 οῦκ
676 2113 830 2200 ἐβούλετο
853 2113 1057 2199 ποιήσασθαι
1074 2109 1111 2181 τό

158 2214 379 2302 συμβόλαιον,
407 2213 462 2301 ἐμὲ
489 2211 521 2282 δ’
550 2216 681 2282 ἐκέλευε
702 2218 823 2298 πρᾶξαι
845 2210 934 2289 ὅπως
955 2207 1044 2299 αὐτῷ
1067 2207 1114 2290 ὡς

157 2309 386 2398 ἀσφαλέστατα
401 2315 473 2393 ἕξει.
505 2313 619 2400 λαβών
638 2310 666 2379 δ’
688 2308 822 2397 έμωτάς
835 2309 915 2378 έπτὰ
925 2307 1114 2395 μνῦςπαρά

158 2417 218 2477 τοῦ
235 2413 487 2495 Παρμένοντος,
512 2413 568 2479 καὶ
584 2409 643 2489 τὰς
659 2424 762 2495 τρεῖς,
787 2405 825 2487 ἃς
843 2406 1040 2494 προειλήφει
1050 2399 1115 2476 οῦ-

157 2531 213 2584 τος
233 2505 312 2592 παρ’
337 2510 482 2595 ἐκείνου,
504 2507 864 2595 ἀνθομολογησάμενος
881 2506 964 2592 πρὸς
979 2512 1113 2592 τοῦτον,

159 2599 251 2691 ὠνήν
261 2613 419 2690 ποιοῦμαι
428 2615 486 2692 τής
496 2605 580 2686 νεώς
589 2608 646 2676 καὶ
656 2616 725 2675 νῦν
736 2611 881 2690 παίδων,
900 2607 962 2684 ἕως
972 2603 1113 2691 ἀποδοίη

157 2703 216 2780 τάς
225 2728 261 2770 τε
272 2706 351 2770 δέκα
362 2711 458 2788 μνῦς,
470 2702 509 2782 ἀς
520 2703 564 2772 δι’
577 2707 660 2790 ἐμοῦ
671 2711 776 2791 ἔλαβε,
789 2706 844 2773 καὶ
855 2702 913 2783 τάς
922 2704 1112 2790 τριάκοντα,

158 2790 207 2866 όν
227 2804 425 2887 κατέστησεν
448 2800 503 2886 ἐμὲ
522 2800 688 2888 ἐγγυητήν
708 2810 753 2891 τῳ
777 2808 959 2890 τραπεζίτῃ.
991 2805 1047 2870 καί
1067 2798 1176 2881 ως895

158 2894 269 2985 ἀληθῆ
280 2901 382 2985 λέγω,
395 2894 561 2967 ἀκούσατε
571 2909 641 2968 τοῖν
651 2908 851 2986 μαρτυριῶν,

491 3061 751 3123 ΜΑΡΤΤΡΙΛΙ.

132 3211 149 3265 9
246 3189 314 3257 Τόν
334 3189 396 3274 μὲν
416 3191 542 3278 τρόπον
556 3199 678 3260 τοῦτον
695 3188 859 3277 ἀπήλλαξε
876 3190 955 3270 τοῦς
971 3188 1115 3276 χρήστας

154 3282 369 3371 ’Λπατοῦριος
384 3285 506 3356 οῦτοσί.
540 3288 581 3357 οῦ
598 3297 710 3377 πολλῳ
731 3290 767 3357 δὲ
783 3288 893 3378 χρόνῳ
911 3286 993 3375 μετὰ
1011 3296 1116 3356 ταῦτα

158 3387 216 3464 τῆς
233 3384 389 3468 τραπέζης
405 3381 727 3473 ἀνασκευασθείσης,
749 3389 803 3454 καὶ
823 3393 885 3456 τοῦ
897 3383 1115 3474 Ἡρακλείδου
