2370 3854
285 203 429 266 ΚΑΤΑ
449 204 853 270 ΑΝΔΡΟΤΙΩΝΟΣ.
982 207 1043 272 143

91 387 152 434 στα
164 361 407 451 τῶνἙλλήνων
416 369 496 433 ποτὲ
511 362 602 452 σχοδν
619 365 742 434 ἀπανθ’
756 366 839 454 ὑπὲρ
858 377 1044 458 φιλοτιμίας

92 463 281 550 ἀνήλωσεν,
301 466 466 550 εἰσφέρων
484 463 516 533 δ’
530 469 565 532 ἐκ
578 473 645 533 τοῖν
663 471 759 535 ίδίων
776 465 897 536 οάδίνα
910 469 1044 537 ποίποτε

91 569 253 633 κίνδυνον
263 562 348 651 ὑπὲρ
371 564 468 650 δόξης
489 566 609 651 ἐξέστη.
644 562 699 650 ἀφ’
714 558 763 634 ύυ
784 567 932 653 κτήματα
954 566 1044 636 ἀθά-

92 689 176 731 νατα
186 663 278 753 αύτῷ
287 670 442 749 περίεστι,
454 660 494 731 τά
506 663 568 750 μὲν
578 673 646 732 τῶν
662 663 801 752 ἔργωνὴ
819 664 995 753 μνήμη,τά
1009 666 1044 734 δὲ

93 773 161 831 τῶν
173 762 403 849 ἀναθημάτων
412 770 481 832 τάν
490 761 536 832 ἕτί
549 767 687 844 ἐκείνοις
698 768 893 832 σταθέντων
907 762 944 833 τὸ
960 765 1044 833 κάλ-

94 873 161 947 λος,
173 862 364 947 προπύλαια
375 870 496 950 ταῦτα,
508 860 525 931 ὁ
537 861 730 951 παρθενων,
743 865 846 950 στοαὶ,
858 865 1042 951 νεώσοικοι,

94 959 157 1029 οὐκ
179 961 380 1049 ἀμφορίσκοι
402 963 466 1031 δύο
483 959 562 1031 ούδὲ
576 968 729 1051 χρυσίδες
745 959 929 1050 τέτταρεςῆ
946 976 1043 1048 τρεῖς,

93 1061 222 1147 ἀχουσα
234 1061 352 1149 ἕκάστη
366 1070 466 1149 μνᾶν,
475 1059 524 1148 ἀς,
532 1060 614 1129 ὅταν
625 1083 678 1130 σοι
690 1067 782 1150 δοκῇ,
791 1060 834 1129 σι)
846 1062 947 1130 πάλιν
961 1062 1046 1149 χροί-

49 1178 81 1233 77
92 1175 165 1241 ψεις
176 1161 427 1248 καταχωνεύειν.
450 1156 567 1245 ούχάρ
578 1157 703 1238 αύτούς
714 1159 961 1247 δεκατεύοντες,
975 1157 1044 1231 ούδ

93 1257 115 1326 δ
126 1257 357 1344 καταράσαιντ’
372 1257 415 1327 ἀν
426 1263 461 1327 οί
470 1261 586 1346 ἐχθροὶ
597 1266 788 1344 ποιοῦντες,
812 1265 929 1339 διπλᾶς
941 1258 1046 1346 πράτ-

93 1381 206 1436 τοντες
217 1356 276 1436 τάς
287 1354 457 1444 είσφοράς,
471 1353 562 1423 ταῦτ’
577 1353 755 1437 ἀνέθεσαν,
768 1355 843 1424 οὐδ’
857 1354 992 1443 οἷόσπερ
1003 1358 1046 1426 σύ

92 1456 257 1540 χρώμενοι
269 1452 471 1542 συμβούλοις
478 1454 718 1541 ἐπολιτεύοντο,
724 1452 808 1522 ἀλλά
815 1452 894 1532 τούς
903 1454 1047 1541 ἐχθρούς

94 1561 307 1637 κρατοῦντες,
319 1554 374 1620 καὶ
388 1539 411 1620 δι’
421 1561 486 1632 τοῖς
497 1579 545 1631 τις
557 1549 601 1621 ἀν
614 1545 654 1620 εύ
665 1579 804 1640 φροντιν
815 1551 962 1642 εύξαιτο,
984 1554 1047 1643 τὴν

94 1652 250 1730 πόλινείς
267 1649 429 1738 ὁμόνοιαν
441 1651 598 1739 ἀχοντες,
622 1650 797 1721 ἀθάνατον
819 1647 914 1732 κλέος
935 1651 1046 1722 αὑτοῖν

94 1756 281 1834 λελοίπασι,
305 1747 384 1829 τούς
402 1750 657 1838 ἐπιτηδεύοντας
678 1747 732 1821 οἷα
755 1755 807 1820 σοὶ
817 1759 972 1841 βεβίωται
989 1760 1047 1839 τῆς

50 1862 86 1917 78
95 1847 218 1936 ἀγορᾶς
229 1859 405 1936 εἴργοντες.
437 1849 531 1937 ὑμεῖς
542 1848 573 1918 δ’
587 1855 633 1928 είς
642 1847 747 1937 τοῦτ’,
762 1844 789 1919 οἷ
807 1849 927 1936 ἀνδρες
944 1848 1107 1938 Ἀθη-ηις

94 1962 202 2035 ναῖοι,
225 1947 404 2036 προήχθητ’
428 1946 583 2035 εὐηθείας
603 1952 658 2017 καὶ
679 1953 848 2037 ῥᾳθυμίας
869 1947 946 2017 ὥστ’
967 1947 1047 2019 οὐδὲ

94 2055 231 2115 τοιαῦτα
244 2051 372 2133 ἔχοντες
389 2052 638 2135 παραδείγματα
658 2058 762 2116 ταῦτα
783 2059 954 2136 μιμείσθε,
976 2045 1045 2117 ἀλλ’

92 2145 288 2230 Ἀνδροτίων
298 2142 380 2232 ύμῖν
391 2154 564 2233 πομπείων
575 2143 1044 2234 ἐπισκευαστής,Ἇυδροτίων,

97 2238 124 2311 ιδ
138 2253 180 2330 γῆ
194 2248 249 2312 καὶ
259 2251 345 2311 θεοί.
378 2246 434 2312 καὶ
443 2243 530 2311 τοῦτ’
543 2242 692 2332 ἀσέβημα
710 2251 845 2331 ἔλαττον
856 2251 945 2322 τίνος
955 2243 1045 2330 ἡμεί-

97 2351 175 2420 σθε;
208 2340 271 2425 ἐγώ
294 2342 354 2426 μὲν
375 2338 440 2426 χάρ
462 2340 553 2430 οἶμαι
575 2347 648 2412 δεῖν
667 2345 728 2412 τόν
751 2350 797 2424 είς
813 2339 886 2428 ίερά
899 2343 1044 2410 εἰσιόντα

96 2441 151 2507 καὶ
167 2443 331 2526 χερνίβων
351 2439 407 2506 καὶ
427 2437 858 2527 κανοίυάψόμενονκαλτῆς
872 2437 1045 2525 πρδςτούς

96 2537 199 2617 θεούς
208 2541 390 2625 ἐπιμελείας
401 2538 591 2627 προστάτην
611 2540 772 2628 ἐσόμενον
793 2538 866 2627 ούχλ
887 2565 1045 2627 προειρη-

95 2635 492 2725 με’νονὴμεροίνάριθμδν
503 2636 668 2725 ἀχνεύειν,
677 2637 761 2709 ἀλλά
771 2635 832 2707 τδν
838 2645 914 2726 βίον
922 2637 1045 2726 ἡγνευ-

93 2741 189 2808 κέναι
197 2739 358 2806 τοιούτων
369 2738 639 2825 ἐπιτηδευμάτων
651 2735 705 2809 οἷα
714 2738 822 2830 τούτῳ
834 2745 1000 2828 βεβίωται.
