2370 3854
159 229 201 290 34
377 230 435 286 XX.
468 225 888 286 ΔΗΜΟΣΘΕΝΟΥΣ

159 394 302 475 πονηρίᾳ
323 383 452 472 ῦύμεῖς
478 387 530 452 ἐπὶ
551 391 789 472 φιλανθρωπίᾳ
807 388 926 476 καὶτῷ
941 386 982 452 τά
1000 390 1113 454 δίκαια

158 485 351 573 βούλεσθαι.
385 479 455 570 μήτ’
468 477 533 550 οῦν
549 486 671 550 ἐκεῖνοί
683 507 762 550 ποτε
779 485 980 568 παύσαιντο,
1004 491 1036 552 εί
1053 483 1110 569 ἀρ’

159 585 321 666 εύξασθαι
337 587 401 666 δεῖ,
423 581 501 662 τούς
517 582 578 667 μὲν
595 581 734 660 ἑαυτούς
749 581 882 669 ἀγαθόν
892 612 923 652 τι
933 593 1114 663 ποιοῦντας

158 684 239 769 μήτε
256 691 412 768 τιμῶντες
429 682 511 767 μήτε
527 680 769 766 θαυμάζοντες,
792 680 870 760 τοῦς
887 683 923 750 δὲ
940 698 1114 768 συγγενεῖς

158 789 242 864 (ῖστε
252 781 316 867 γάρ
328 779 369 848 όν
379 781 506 863 τρόπον
516 778 714 865 Ὀρχομενόν
726 783 900 867 διέθηκαν)
913 778 1000 848 οὕτω
1012 807 1112 866 μετα-

157 881 387 967 χειριζόμενοι,
412 876 496 965 μήθ’
517 877 609 964 ὑμεῖς
626 877 783 946 τάναντία
800 881 930 958 τούτοις
950 877 1028 958 τοῦς
1049 880 1112 965 μέν

157 979 330 1064 εὐεργέτας
345 985 518 1064 τιμῶντες,
541 976 630 1062 παρά
648 978 683 1044 δὲ
694 984 762 1044 τῶν
772 985 917 1045 πολιτῶν
928 977 1016 1066 λόγῳ
1028 976 1110 1062 μετά

99 1091 148 1141 110
156 1087 224 1145 των
235 1077 350 1162 νόμων
360 1076 400 1144 τά
412 1081 521 1144 δίκαια
532 1077 764 1163 λαμβάνοντες.
789 1075 874 1153 ὅλως
886 1074 916 1142 δ’
935 1076 1024 1161 οἶμαι
1035 1078 1110 1142 τότε

157 1184 228 1245 δεῖν
237 1175 315 1255 τοῦς
327 1178 448 1259 ἑτέρων
459 1179 605 1242 ἐπαινεῖν
615 1174 758 1260 τρόπους
769 1176 822 1241 καὶ
835 1179 896 1259 ἔθη
915 1189 982 1252 τοῖς
993 1171 1111 1259 ὑμετέ-

155 1304 225 1360 ροις
236 1281 461 1362 ἐπιτιμῶντας,
469 1274 550 1342 ὅταν
561 1267 583 1362 ᾖ
595 1278 696 1354 δεῖξαι
707 1277 839 1360 βέλτιον
851 1276 997 1351 ἐκείνους
1005 1272 1111 1359 πράτ,

155 1403 272 1455 νοντας
284 1374 388 1462 ῦμων.
411 1373 466 1442 ότε
478 1372 511 1441 δ’
525 1371 632 1460 ὑμεῖς,
645 1380 754 1451 καλῶς
765 1380 949 1457 ποιοῦντες,
960 1375 1015 1439 καὶ
1026 1369 1109 1438 κατά
1135 1368 1139 1373 ’

155 1473 212 1553 τάς
236 1473 352 1552 κοινάς
373 1475 508 1557 προέξεις
524 1475 579 1539 καὶ
597 1470 680 1539 κατά
697 1470 759 1558 την
775 1469 937 1557 ὁμόνοιαν
953 1473 1008 1537 καί
1026 1469 1109 1536 κατὰ

155 1572 259 1638 τάλλα
271 1572 378 1638 πάντα
391 1570 528 1656 ἀμεινον
540 1573 676 1638 ἐκείνων
687 1571 862 1656 πράττετε,
885 1578 946 1638 τοῦ
956 1569 1053 1656 χάριν
1065 1565 1110 1635 ἀν

154 1679 222 1738 τῶν
239 1668 410 1756 ὑμετέρων
427 1669 538 1736 αύτῦν
555 1672 647 1736 έθῦν
658 1666 898 1754 ὀλιγωροῦντες
909 1673 1016 1737 ἐκεῖνα
1029 1667 1109 1735 διό-

155 1793 259 1851 κοιτε;
274 1775 304 1837 εί
311 1770 376 1855 γάρ
388 1772 442 1837 καὶ
453 1765 536 1836 κατά
547 1766 608 1834 τόν
616 1765 777 1854 λογισμόν
786 1772 894 1836 ἐκεῖνα
903 1775 1021 1853 φανείη
1031 1774 1108 1854 βελ-

154 1874 229 1952 τίω,
251 1875 309 1951 τῆς
319 1893 357 1951 γε
370 1867 469 1953 τύχης
480 1865 592 1949 ἕνεκα,
615 1859 739 1953 ᾗπαρά
750 1864 844 1934 ταῦτ’
863 1863 976 1954 ἀγαθῇ
992 1869 1111 1952 κέχρη-

96 1977 144 2027 111
155 1974 234 2047 σθε,
258 1968 311 2032 ἐπὶ
328 1966 459 2031 τούτων
476 1965 569 2044 ἀξιον
586 1980 703 2051 μεῖναι.
738 1972 768 2033 εί
783 1966 818 2033 δὲ
839 1965 988 2050 όεῖιταρά
999 1966 1110 2032 πάντα

154 2061 242 2131 ταῦτ’
255 2069 369 2149 εἰπεῖν,
381 2059 399 2130 ὃ
412 2068 540 2131 δίκαιον
550 2062 705 2154 ἡγοῦμαι,
711 2063 806 2132 ἐκεῖν’
820 2060 863 2131 ἀν
874 2061 965 2149 ἔγωγ’
976 2074 1106 2149 εἴποιμι.

156 2160 218 2230 οῦκ
230 2169 298 2230 ἔστι
310 2169 456 2249 δίκαιον,
479 2158 506 2231 ὦ
517 2163 636 2246 ἀνδρες
642 2161 832 2248 Ἀθηναῖοι,
855 2161 933 2241 τοῦς
943 2167 1109 2231 Λακεδαι-

155 2267 281 2348 μονίων
298 2261 426 2348 νόμους
442 2260 522 2330 οῦδὲ
533 2263 612 2340 τούς
625 2269 781 2348 Θηβαίων
791 2263 900 2347 λέγειν
909 2263 962 2328 ἐπὶ
972 2267 1018 2350 τῷ
1030 2258 1109 2338 τοῦς

155 2363 278 2430 ἐνθάθε
294 2368 532 2447 λυμαίνεσθαι,
555 2359 633 2429 οῦδὲ
651 2359 694 2427 δι’
709 2353 758 2428 οἶν
769 2363 829 2446 μὲν
841 2364 960 2428 ἐκεῖνοι
971 2357 1108 2443 μεγάλοι

154 2463 234 2544 εἰσί,
253 2457 318 2526 κάν
330 2460 520 2526 ἀποκτεῖναι
531 2460 716 2543 βούλεσθαι
726 2457 786 2524 τόν
797 2456 877 2538 παρ’
888 2455 968 2540 ἡμῖν
978 2455 1108 2521 τούτων

153 2583 185 2624 τι
201 2556 513 2636 κατασκευάσαντα,
539 2552 592 2620 διά
612 2552 643 2619 θ’
663 2547 712 2620 οἷν
724 2553 741 2620 ὁ
754 2552 834 2635 παρ’·
845 2551 924 2639 ἡμῖν
936 2557 1037 2637 δῆμος
1049 2551 1108 2615 εῦ-

154 2661 298 2742 θαίμων,
315 2652 416 2720 ταῦθ’
431 2652 475 2732 ὡς
487 2651 616 2720 ἀνελεῖν
629 2653 856 2736 ὃεῖλεγόντων
866 2657 968 2717 τινων
979 2650 1107 2716 ἐθέλειν

153 2754 300 2821 ἀκούειν.

96 2871 145 2921 112
230 2851 322 2919 ’Ἐστι
332 2859 447 2918 τοίνυν
458 2878 506 2928 τις
517 2848 691 2936 πρόχειρος
701 2849 816 2934 λόγος,
830 2845 874 2926 ὡς
883 2846 949 2934 ἀρα
961 2851 1014 2915 καὶ
1026 2847 1104 2931 παρ’
1116 2856 1167 2915 491

153 2949 233 3037 ἡμῖν
245 2953 375 3018 ἐπὶτῶν
385 2950 564 3036 προγόνων
577 2945 667 3017 πόλλ’
681 2946 787 3034 ἀγάθ’
802 2950 1011 3035 εἰργασμένοι
1021 2947 1107 3024 τινὲς

155 3048 294 3129 οὐθενός
310 3047 464 3136 ἠξιοῦντο
476 3048 648 3132 τοιούτου,
671 3045 744 3115 ἀλλ’
758 3044 934 3134 ἀγαπητοῖς
945 3045 1107 3131 ἐπιγράμ-

154 3172 255 3234 ματος
274 3153 309 3216 έν
331 3163 399 3226 τοῖς
415 3146 545 3234 Ἑρμαῖς
567 3153 699 3233 ἔτυχον·
728 3150 784 3214 καί
805 3155 883 3223 ἴσως
903 3142 1002 3211 τοῦθ’
1026 3141 1106 3228 ύμῖν

155 3246 381 3333 ἀναγνώσεται
397 3245 433 3314 τό
450 3249 645 3333 ἐπίγραμμα.
680 3245 743 3331 ἐγω
766 3243 797 3312 δ’
820 3243 965 3331 ἡγοῦμαι
985 3250 1106 3310 τοῦτον

154 3347 214 3414 τόν
225 3347 338 3431 λόγον,
348 3339 375 3413 ἀ
386 3345 506 3431 ἀνδρες
513 3343 693 3432 Ἀθηναῖοι,
700 3341 784 3413 κατά
794 3341 889 3411 πόλλ’
904 3341 1105 3426 ἀσύμφορον

95 3462 144 3516 113
154 3443 238 3512 εἶναι
248 3452 289 3533 τῇ
300 3445 393 3512 πόλει
405 3449 575 3532 λέγεσθαι,
598 3443 727 3530 πρόςῦὲ
738 3445 792 3512 καὶ
809 3440 888 3510 οῦδὲ
905 3448 1042 3509 δίκαιον.
1077 3445 1107 3506 εί
