2370 3854
177 234 239 295 164
375 236 470 293 xxm.
508 230 924 292 ΔΗΜΟΣΘΕΝΟῬΣ

172 392 307 482 Ὀρέστη
323 400 357 461 οἱ
373 393 503 461 δώδεκα
519 398 605 460 θεοί.
637 387 743 459 καὶτὰ
754 389 816 476 μὲν
828 389 868 476 δή
879 390 1003 462 παλαιά
1013 402 1135 483 ταῦτα,

175 490 216 560 τά
236 490 266 559 δ’
286 491 442 578 ὕστερον·
464 500 564 560 τοῦτο
582 486 742 578 μόνοντὰ
763 490 977 577 δικαστήριον
987 489 1064 580 οάχδ
1074 494 1137 563 τά·

177 615 313 677 ραυνος,
338 590 401 660 οὐκ
417 591 606 677 ὀλιγαρχία,
628 585 669 656 οὐ
687 592 890 673 δημοκρατία
910 586 969 669 τὰς
990 587 1179 677 φονικάςρη

177 696 269 770 δίκας
282 693 464 777 ἀφελέσθαι
474 690 691 775 τετόλμηκεν,
704 683 788 754 ἀλλὰ
799 685 920 765 πάντες
930 685 1136 759 ἀσθενέστε-

171 783 239 874 ρον
250 785 293 855 όν
303 787 340 856 τό
354 792 484 856 δίκαιον
495 784 607 872 εὑρεῖν
616 782 780 873 ήγοῦνται
796 787 871 869 περὶ
888 784 1020 855 τούτων
1037 786 1136 859 αὐτοὶ

175 886 336 969 τοῦπαρὰ
348 888 479 965 τούτοις
490 883 676 971 εὑρημένον
687 886 827 950 δικαίου.
861 881 944 966 πρός
954 883 991 952 δέ
1000 884 1136 967 τούτοις

175 986 337 1063 τοιούτοις
354 977 469 1068 οὖσιν,
492 987 642 1051 ἐνταῦθα
658 981 764 1067 μόνον
782 977 892 1058 οὐδεὶς
909 981 1044 1051 πώποτε
1054 983 1135 1052 οὕτε

177 1081 313 1168 φεύγων
339 1079 442 1161 ἁλοδς
470 1080 546 1149 οότε
569 1078 702 1148 διάκων
721 1076 875 1166 ήττηθεὶς
895 1080 1068 1166 ἐξήλεγξεν
1088 1078 1135 1161 ὥς

133 1193 167 1248 67
177 1180 298 1259 άδίκως
309 1181 470 1268 ἐδικάσθη
481 1180 521 1249 τὰ
531 1181 701 1265 κριθέντα.
727 1178 855 1265 ταύτην
864 1176 1053 1265 τοίνυντήν
1063 1205 1135 1266 φυ-

177 1282 281 1366 λακὴν
298 1277 428 1359 καὶτὰς
446 1283 483 1348 ἐν
493 1278 596 1367 ταότη
606 1283 767 1364 νομίμους
778 1287 934 1362 τιμωρίας
945 1274 1132 1367 παραβάςὸ

176 1379 319 1466 γράφων
334 1377 371 1448 τὸ
392 1379 547 1466 ψήφισμα
560 1379 633 1446 τοδὶ
643 1382 739 1458 ζῶντι
749 1373 810 1459 μέν
820 1377 975 1455 ἐξουσίαν
983 1380 1134 1463 γέγραφε

177 1485 224 1566 τῷ
235 1478 414 1567 Χαριδήμῳ
425 1491 534 1546 ποιεῖν
544 1475 566 1548 δ’
575 1502 607 1544 τι
617 1470 661 1543 άν
671 1473 848 1562 βούληται,
870 1473 1043 1555 παθόντος
1052 1476 1094 1542 δέ
1102 1500 1135 1542 τι

177 1589 244 1652 τοῖς
255 1581 386 1654 οἰκείοις
397 1581 627 1661 συκοφαντίαν
637 1575 790 1641 δέδωκεν.
814 1575 984 1654 σκέψασθε
994 1570 1062 1659 γὰρ
1073 1570 1137 1641 οὑ-

178 1679 265 1739 τωσί.
296 1681 364 1741 ἐστε
382 1671 491 1761 δήπου
501 1671 601 1742 τοῦδ’
613 1670 771 1755 ἅπαντες,
795 1668 1012 1761 ότιέυἈρείω
1024 1671 1135 1760 πάγῳ,

178 1763 221 1840 οὗ
233 1777 369 1841 δίδωσιν
382 1769 513 1860 ὃνόμος
523 1774 580 1842 καὶ
590 1772 720 1840 κελεύει
732 1778 793 1838 τοῦ
806 1771 918 1856 φόνου
929 1769 1136 1855 δικάζεσθαι,

178 1878 312 1951 πρῶτον
328 1870 388 1956 μέν
405 1876 565 1956 διομεῖται
580 1870 655 1939 κατ’
668 1874 820 1950 ἐξωλείας
830 1865 937 1936 αὑτοῦ
946 1870 1003 1936 καὶ
1012 1872 1137 1955 γένους

178 1968 234 2032 καὶ
254 1972 358 2045 οίκίας
379 1967 399 2034 ό
420 1994 494 2035 τινα
511 1968 707 2055 αίτιάμενος
724 1968 902 2053 είργάσθαι
917 1994 950 2035 τι
965 1975 1134 2051 τοιοῦτον,

135 2077 170 2132 68
179 2062 237 2134 εἰτ’
252 2062 331 2131 οὐδὲ
340 2063 402 2133 τόν
411 2066 553 2153 ’τυχόντα
564 2064 630 2134 τιν’
644 2065 748 2153 ὅρκον
758 2073 880 2135 τοῦτον
891 2064 1038 2153 πονήσει,
1055 2063 1131 2135 ἀλλ’

179 2161 220 2231 δν
232 2158 340 2242 οὐδεὶς
351 2163 495 2251 ὄμνυσιν
505 2162 589 2249 ὑπὲρ
601 2161 741 2244 οὐδενός
756 2164 877 2245 ἄλλον,
900 2161 978 2242 στάς
994 2165 1047 2232 ἐπὶ
1064 2170 1135 2231 τόν

178 2270 302 2349 τομίων
323 2264 456 2350 κάπρου
476 2267 531 2333 καὶ
552 2273 653 2353 κριοῦ
672 2267 729 2333 καὶ
747 2265 893 2350 ταύρου,
925 2266 981 2331 καὶ
1001 2263 1135 2331 τούτων

178 2366 397 2449 ἐσφαγμένων
417 2361 479 2449 ὑφ’
500 2356 549 2431 οὖν
567 2368 616 2433 δεῖ
632 2366 689 2432 καὶ
704 2365 742 2432 έν
759 2358 810 2442 αἷς
825 2360 962 2449 ἡμέραις
977 2360 1133 2451 καθήκει,

180 2459 263 2527 ὥστε
280 2462 337 2530 καὶ
352 2466 389 2529 ἐκ
405 2470 468 2528 τοῦ
486 2462 611 2547 χρόνον
628 2463 683 2529 καί
695 2465 732 2529 ἐκ
742 2468 811 2529 τῶν
819 2462 1134 2548 μεταχειριζομένων

179 2557 285 2643 ἅπαν,
304 2557 388 2627 ὅσον
405 2558 481 2626 ἐσθ’
504 2558 617 2642 όσιον,
635 2565 834 2645 πεπρᾶχθαι.
867 2560 923 2628 καὶ
932 2556 1013 2645 μετὰ
1027 2567 1136 2627 ταῦτα

178 2651 196 2722 ὁ
218 2654 277 2724 τὸν
297 2662 452 2724 τοιοῦτον
472 2655 576 2742 όρκον
596 2655 778 2745 ὀμωμοκώς
799 2655 894 2726 οὕτω
911 2663 1135 2743 πεπίστευται,

179 2750 253 2819 ἀλλ’
271 2751 330 2820 ἐὰν
345 2757 521 2842 ἐξελεγχθῇ
537 2754 582 2843 μή
600 2758 707 2842 λέγων
728 2754 857 2844 άληθή,
878 2753 940 2841 τήν
961 2757 1138 2841 ἐπιορκίαν

178 2847 444 2937 ἀπενεγκάμενος
462 2869 530 2933 τοίς
551 2852 657 2923 αὑτοῦ
678 2859 771 2924 παισὶ
791 2858 908 2945 καὶτῷ
925 2856 1016 2942 γένει
1032 2856 1137 2925 πλέον

135 2957 169 3012 69
179 2947 253 3017 οὐδ’
276 2947 391 3019 ὁτιοῦν
408 2952 479 3032 ἕξει.
513 2950 558 3022 άυ
575 2957 611 3024 δέ
629 2956 709 3044 δόξη
725 2955 765 3023 τά
784 2959 895 3023 δίκαια
910 2957 1064 3041 ἐγκαλεῖν
1080 2956 1137 3023 καὶ

176 3051 235 3137 ἕλη
246 3047 306 3118 τόν
317 3050 499 3136 δεδρακότα
509 3061 572 3121 τοῦ
582 3054 703 3140 φόνον,
715 3049 787 3121 οὐδ’
797 3053 886 3121 οὕτω
896 3052 1013 3138 κόριος
1022 3058 1137 3138 γίγνε-

178 3174 232 3215 ται
244 3158 307 3217 τοῦ
323 3147 463 3230 ἁλόντος
469 3201 479 3237 ,
496 3149 570 3222 ἀλλ’
591 3156 719 3223 ἐκείνου
728 3151 789 3238 μέν
799 3156 834 3221 οἱ
843 3152 942 3240 νόμοι
953 3150 1065 3235 κύριοι
1076 3174 1137 3217 κο-

178 3246 277 3314 λάσαι
292 3251 348 3317 καί
364 3245 413 3330 οἷς
423 3253 674 3338 προστέτακται,
692 3258 743 3338 τῷ
752 3249 789 3319 δέ
798 3255 923 3321 ἐπιδεῖν
934 3248 1072 3319 διδόντα
1083 3252 1137 3317 δί-

179 3372 243 3430 κην
259 3350 397 3434 ἔξεστιν,
418 3347 463 3436 ήν
474 3355 585 3431 ἔταξεν
599 3347 617 3420 ὁ
630 3350 750 3437 νόμος,
771 3349 832 3422 τόν
840 3350 965 3421 ἁλόντα
971 3399 981 3433 ,
1004 3349 1091 3435 πέρα
1100 3344 1134 3417 δ’
1145 3362 1179 3422 64

180 3441 280 3510 οὐδὲν
290 3444 421 3515 τοότον.
443 3450 558 3535 καὶτῷ
566 3448 628 3534 μὲν
637 3447 792 3518 διάκοντι
801 3448 943 3536 ὑπάρχει
952 3455 1072 3533 ταῦτα,
1084 3454 1135 3541 τῷ
