2370 3854
354 211 495 274 ΠΡΟΣ
513 211 801 273 ΑΛΚΡΙΤΟΝ.
991 212 1055 276 415

102 376 297 460 ἐπετίμησα,
316 365 344 442 τό
354 368 474 457 ἄνδρες
485 373 651 457 δικασταὶ,
668 380 702 440 εί
708 398 757 450 τις
779 371 936 458 βούλεται
957 393 1056 461 σοφι-

104 466 274 559 στήςείναι
283 472 339 542 καὶ
347 469 524 557 Ἰσοκράτει
534 468 697 557 ἀργύριον
704 466 910 539 ἀναλίσκειν·
925 481 1056 559 μαινοί-

103 598 171 658 μην
182 568 247 659 γάρ
259 568 318 658 όν,
338 581 371 640 εί
384 578 418 637 τί
431 594 488 656 μοι
497 569 627 637 τούτων
637 569 785 656 ἐπιμελὲς
797 579 856 657 εῖη.
890 569 931 637 ού
943 576 1056 658 μέντοι

103 668 148 756 μά
158 676 226 738 Δία
238 668 331 756 οίμαί
336 694 376 755 γε
390 673 461 737 δεῖν
472 665 675 754 ἀνθρώπους
687 676 984 756 καταφρονοῦντας
1000 674 1055 740 καί

103 774 276 855 οἰομένους
287 767 418 847 δεινούς
432 765 516 836 εἶναι
527 769 681 853 ἐφίεσθαι
691 776 760 834 των
771 765 964 855 άλλοτρίων,
977 769 1051 836 οὐδ’

103 866 335 954 ἀφαιρεῖσθαι,
362 874 408 953 τῷ
437 866 525 956 λόγω
548 866 780 946 πιστεύοντας·
814 877 965 954 πονηροῦ
988 867 1053 954 γάρ

62 987 95 1039 41
103 963 191 1034 ταῦτ’
212 967 281 1033 ἐστι
305 974 469 1052 σοφιστοῦ
491 967 546 1034 καὶ
568 967 802 1053 οίμωξομένον.
836 968 999 1053 Λάκριτος
1020 967 1115 1034 δ’θδθ

104 1057 264 1148 ούτοσί,ό
275 1063 395 1150 ἄνδρες
406 1067 566 1149 δικασταὶ,
574 1063 616 1133 ού
625 1073 672 1154 τῷ
684 1071 799 1156 δικαίῳ
808 1066 974 1134 πιστεύων
985 1073 1053 1136 είσ-

104 1165 248 1251 ελήλυθε
265 1165 391 1250 ταύτην
407 1163 469 1249 τὴν
491 1166 604 1250 δίκην,
639 1159 708 1230 ἀλλ’
733 1161 878 1250 άκριβοίς
899 1163 993 1244 εἰδούς
1013 1167 1053 1233 τά

104 1260 304 1349 πεπραγμέν’
317 1265 445 1338 ἑαυτοῖς
457 1258 578 1344 περὶτὰ
591 1260 752 1346 δάνεισμα
763 1271 873 1347 τοῦτο,
885 1267 940 1332 καὶ
949 1262 1049 1351 ἡγού-

102 1389 202 1451 μενος
213 1358 323 1439 δεινός
335 1359 484 1428 εἶναικαὶ
502 1364 623 1449 ῥαδίως
640 1362 762 1446 λόγους
779 1375 968 1450 ποριεῖσθαι
980 1370 1054 1453 περὶ

103 1460 228 1529 άδίκων
254 1457 475 1545 πραγμάτων,
497 1467 599 1527 οίεται
622 1460 782 1543 παράξειν
804 1458 889 1548 ὑμᾶς
908 1463 986 1531 ὅποι
1010 1460 1053 1531 δν

101 1559 271 1646 βούληται.
308 1565 412 1625 ταῦτα
423 1554 488 1644 γάρ
499 1560 732 1647 ἐπαγγέλλεται
753 1559 861 1640 δεινὸς
873 1560 955 1629 εἶναι
962 1613 971 1646 ,
997 1565 1054 1631 καὶ

102 1658 265 1745 ἀργύριον
277 1658 422 1726 αίτεῖκαδ
432 1656 584 1745 μαθητὰς
595 1661 756 1744 συλλέγει,
764 1662 838 1748 περὶ
848 1657 961 1728 αὐτόν
971 1662 1053 1730 τού-
1087 1739 1090 1743 ,

59 1786 93 1840 42
102 1782 170 1824 των
181 1757 462 1844 ἐπαγγελλόμενος
473 1757 652 1826 παιδεύειν.
678 1760 734 1826 καί
752 1765 885 1840 πρῶτον
902 1759 1054 1845 μὲντοὺς

101 1853 268 1942 ἀδελφούς
277 1855 356 1937 τούς
367 1854 472 1925 αὑτοῦ
482 1860 653 1926 ἐπαίδευσε
670 1858 733 1944 τήν
749 1861 901 1926 παιδείαν
916 1858 1052 1947 ταύτην,

100 1951 143 2040 ἣν
154 1953 247 2043 ὑμεῖς
264 1957 470 2025 αἰσθάνεσθε
487 1955 640 2044 πονηράν
655 1959 712 2026 καὶ
728 1955 862 2045 ἄδικον,
888 1949 915 2026 ό
932 1958 1053 2045 ἄνδρες

100 2058 260 2141 δικασταὶ,
275 2060 482 2135 δανείζεσθαι
492 2059 529 2122 ἐν
539 2063 586 2146 τῷ
598 2058 742 2144 ἐμπορίῳ
755 2057 894 2124 ναυτικά
902 2058 1053 2144 χρήματα

100 2156 154 2222 καί
165 2151 256 2221 ταῦτ’
267 2152 462 2238 α’ποστερεῖν
474 2154 584 2238 καλμή
603 2153 809 2221 ἀποδιδόναι.
844 2162 915 2231 πῶς
936 2154 979 2221 όν
996 2159 1052 2240 γέ·
1075 2197 1079 2206 ·

99 2276 211 2318 υοιντυ
230 2249 448 2335 πονηρότεροι
464 2247 639 2334 ἅνθρωποι
656 2246 678 2334 γ’γ’
699 2258 760 2317 τοῦ
777 2253 994 2332 παιδεύοντος
1011 2251 1051 2320 τὰ

98 2359 234 2418 τοιαῦτα
246 2346 268 2436 ἢ
279 2350 391 2416 αὐτων
401 2356 469 2417 τῶν
481 2352 745 2434 παιδευομένων;
774 2353 844 2419 ἐπεὶ
861 2344 925 2418 οὖν
944 2350 1051 2432 δεινός
1119 2392 1122 2399 ·

99 2453 236 2519 ἐστικαὶ
254 2450 400 2519 πιστεύει
417 2457 465 2537 τῷ
475 2454 583 2534 λέγειν
600 2450 655 2515 καὶ
672 2463 744 2528 ταῖς
753 2456 870 2534 χιλίαις
882 2454 1049 2537 δραχμαῖς,

57 2547 137 2638 χχάς
158 2552 280 2618 δέδωκε
302 2556 350 2637 τῷ
375 2548 577 2636 διδασκάλῳ,
599 2547 777 2615 κελεύσατε
799 2547 902 2619 αύτόυ
924 2550 1052 2629 διδάξαι

99 2647 183 2736 ὑμᾶς
193 2645 215 2736 ἢ
227 2647 271 2728 ως
282 2647 321 2716 τά
333 2643 467 2736 χρήματ’
480 2643 542 2712 οὐκ
554 2649 676 2733 ἔλαβον
685 2643 759 2731 παρ’
774 2642 886 2733 ἡμῶν,
902 2643 924 2733 ἢ
936 2643 980 2725 ὡς
990 2655 1038 2715 λα-

97 2748 212 2836 βόντες
228 2745 495 2830 ἀποδεδράκασιν,
518 2740 602 2831 ἢότι
617 2742 676 2824 τάς
687 2745 845 2825 ναυτικάς
857 2745 1052 2832 συγγραφάς

97 2843 140 2914 ού
152 2852 204 2914 δεῖ
218 2853 336 2930 κυρίας
353 2845 454 2931 εἶναι,
478 2840 501 2932 ἦ
520 2842 564 2924 ύς
582 2849 634 2913 δεῖ
644 2845 725 2914 άλλο
736 2874 768 2913 τι
784 2845 973 2933 χρήσασθαι
984 2859 1052 2924 τοῖς

97 2945 262 3031 χρήμασιν
272 2937 295 3030 ἢ
307 2941 355 3028 ἐφ’
369 2939 418 3023 οἷς
429 2948 551 3030 ἔλαβον
561 2942 644 3011 κατὰ
663 2944 725 3030 τὴν
737 2944 946 3029 συγγραφήν.
971 2944 1051 3010 τού·

97 3070 166 3111 των
186 3042 206 3110 ὅ
222 3069 253 3109 τι
272 3041 430 3128 βούλεται
452 3041 595 3110 πεισάτω
615 3039 709 3127 ὑμᾶς.
744 3042 799 3107 καί
809 3045 911 3125 ἔγωγε
923 3042 976 3107 καί
988 3034 1055 3106 αύ-’

97 3140 154 3219 τός
164 3147 328 3225 συγχωρῶ
338 3141 535 3227 σοῳσότατυν
546 3137 630 3208 εἶναι
640 3147 772 3221 τούτου,
785 3135 845 3206 ἐάν
857 3135 943 3224 ὑμᾶς
953 3144 1051 3227 πείσῃ

97 3237 176 3318 τούς
185 3240 260 3325 περὶ
269 3246 337 3306 τῶν
348 3246 561 3326 συμβολαίων
573 3245 642 3305 των
652 3240 841 3323 ἐμπορικῶν
851 3237 1040 3317 δικάζοντας
1146 3321 1151 3337 ‚

98 3334 167 3406 ἀλλ’
182 3330 221 3404 εὖ
233 3335 296 3406 οἷδ’
311 3336 362 3407 ὅτι
377 3337 478 3405 οὐδὲν
489 3333 534 3406 δν
543 3337 671 3406 τούτων
683 3331 752 3415 οίός
764 3332 789 3403 τ’
803 3345 852 3422 εἴη
865 3327 963 3414 οὗτος
973 3331 1051 3404 οὔτε

99 3437 227 3516 διδάξαι
239 3434 315 3503 ούτε
326 3449 443 3504 πεῖσαι.
998 3458 1000 3462 ·
