2370 3854
175 227 237 294 176
377 229 475 286 XXIII.
505 225 928 286 ΔΗΜΟΣΘΕΝΟῬΣ

173 385 273 475 ἀδικῇ
281 389 551 476 Κερσοβλέπτης,
574 381 595 452 6
610 393 737 471 μᾶλλον
750 386 841 465 ἐλπὶς
851 382 874 471 6
884 382 928 472 μή
941 384 1135 472 δυνηθέντα

173 493 323 573 ποιήσαι,
346 483 410 553 οὐκ
429 481 481 553 ἐπ’
499 487 567 550 ἐκεί
565 508 646 561 νους
663 493 738 568 ίμεν
755 485 810 551 καλ
822 480 868 552 δι’
881 486 949 551 ἐκεί
935 490 1019 552 ίυοιν
1027 481 1137 552 ἀσθε-

167 592 217 707 νή
233 597 341 651 ποιεῖν
358 580 463 650 αὐτὸν
480 580 676 667 ζητήσομεν,
699 577 743 648 ἀν
759 573 824 648 οὖν
841 579 1072 670 είπυσινήμλυ
1082 580 1136 651 ὅτι

167 681 297 770 “ὑμει”ς,
315 711 341 751 οι
329 675 477 768 ανδρες
483 678 672 765 Αθηναιοι,
692 676 734 747 06
745 680 852 765 μόνον
863 676 943 767 ἡμῖν
953 678 1135 769 ἀδικουμέ-

168 779 310 861 “νοις’
271 808 334 849 ουκ
344 779 567 868 ἐβοηθήσατε,
580 773 665 845 ἀλλά
675 780 731 846 καί
742 773 910 866 φόβου,”
887 805 932 847 αν
942 775 1027 862 ὑπερ
1037 777 1134 899 ἡμῶν

168 878 301 948 ἀὐτῶν
313 877 538 965 ἀμυνώμεθα,
551 873 752 962 θαυμαστὸν
763 874 1006 963 παρεστήσατε,
1023 877 1134 964 ψήφι-

168 977 256 1063 “σμα
273 976 507 1062 ποιησάμενοι,
529 971 589 1042 τὸν
607 977 721 1042 έυαυτί
706 981 740 1042 ία
752 989 820 1054 τοῖς
832 972 912 1060 ὑμῖν
922 979 1134 1096 συμφέρουσι

167 1071 334 1160 “καλήμῖν
350 1072 538 1157 πράττοντα
554 1071 599 1141 ἀυ
615 1099 664 1152 τις
680 1070 917 1163 ἀποκτείνη,’
898 1100 1070 1195 αγωγιμον
1085 1072 1134 1143 εί-

168 1172 260 1240 “var
284 1171 412 1242 οὔκουν
430 1173 502 1241 έστὲ
520 1176 642 1241 δίκαιοι
658 1175 809 1260 βοηθοὺς
825 1169 1052 1259 καλελνήμᾶς,
1075 1170 1130 1259 ἐφ’
1140 1179 1177 1235 651

168 1269 185 1296 “
190 1267 239 1351 οἷς
256 1274 312 1341 καὶ
330 1269 442 1358 περὶ
422 1279 509 1358 υμοῖς
528 1267 1021 1358 αὐτοάςκαλπερλήμοῖςκακοῐς
1032 1260 1134 1360 έβου-

61 1384 65 1389 ’
168 1369 372 1441 “λεύσασθε”
387 1375 460 1441 εἰπε
467 1397 541 1458 μοι
552 1378 634 1439 ταῦτ
638 1367 722 1438 έαυ
732 1372 889 1456 λέγουσιν
902 1395 944 1437 ου
934 1366 1130 1455 δικαιοτερ

171 1468 428 1559 ήμώνέροῦσινς
450 1467 549 1556 ἔγωγ’
563 1468 661 1554 οἶμαι.

112 1579 162 1633 107
256 1570 324 1638 Καὶ
333 1566 401 1656 μήν
412 1566 597 1636 οὐδ’έκεῑνό
607 1565 633 1652 γ’
643 1573 732 1636 ἔστιν
742 1574 857 1654 εἰπεῖν,
865 1564 1033 1654 ὅτιυήΔί
1043 1566 1133 1636 εἰκό-

133 1690 142 1709 ·
172 1695 236 1746 τως
244 1671 486 1753 ἐφενακίσθητε
495 1666 842 1754 καὶπαρεκρούσθητε.
860 1667 961 1752 είράρ
970 1664 1075 1753 μηδὲν
1083 1675 1133 1734 εί-

172 1793 243 1852 χετε
253 1773 321 1833 τῶν
332 1763 445 1833 ἀλλων
456 1770 666 1852 λογίσασθαι,
679 1763 756 1853 μηδ’
772 1763 822 1851 ἐφ’
833 1762 931 1852 ὑμῶν
943 1761 1057 1832 αὐτῶν
1068 1760 1135 1833 οἶοί

171 1889 206 1930 τε
217 1856 274 1948 ήτε
284 1870 388 1929 ταῦτα
400 1877 559 1948 συνεῖναι,
570 1855 615 1949 ήν
626 1867 710 1931 ίδεῑν
720 1862 927 1950 παράδειγμα
935 1863 1134 1942 Ὀλυνθίους

171 1963 328 2028 τουτουσὶ
334 2010 344 2045 ,
366 1967 401 2027 οδ
408 1967 443 2027 τί
449 1961 669 2048 πεποιηκότος
679 1960 790 2041 αὐτοῖς
801 1969 970 2031 Φιλίππου
980 1971 1052 2043 πῶς
1068 1960 1134 2033 αὖ·

171 2067 219 2149 τῷ
229 2065 388 2144 χρῶνταις
401 2062 525 2138 ἐκεῖνος
535 2062 673 2140 ἐκείνοις
680 2066 863 2130 Ποτίδαιαν
873 2061 946 2150 οὐχὶ
956 2060 1129 2150 τηνικαῦτ’

171 2155 359 2244 ἀπέδωκεν,
377 2155 468 2244 ἡνίκ’
481 2156 677 2243 ἀποστερεῖν
688 2157 806 2229 οὐκέθ’
820 2157 892 2241 οἷός
903 2158 934 2227 τ’
946 2154 1006 2249 ήυ,
1018 2159 1132 2244 ὥσπερ

171 2254 252 2344 ὑμῖν
262 2259 514 2346 Κερσοβλέπτης
523 2259 756 2346 Χερρόνησον·
778 2256 863 2328 ἀλλά
877 2259 959 2346 πρδς
969 2256 1057 2345 ὑμᾶς
1069 2283 1134 2327 πο-

170 2363 281 2442 λεμῶν
299 2357 448 2442 χρήματα
466 2359 573 2426 πολλοὶ
591 2357 783 2444 ἀναλώσας,
807 2356 959 2427 ἑλοὶνκαὶ
970 2361 1133 2446 δυνηθεὶς

170 2449 213 2520 ἀν
225 2451 324 2530 αὐτὸς
336 2459 438 2538 ἔχειν,
462 2464 553 2539 είπερ
565 2457 752 2544 ἐβουλήθη,
776 2459 964 2544 παρέδωκε,
987 2457 1043 2525 καὶ
1053 2455 1130 2525 οὐδ’

111 2549 471 2673 108ἐπεχειρησενάλλο
484 2552 713 2622 ποιεῖνούδέν,
745 2552 855 2623 ἀλλ’“
834 2557 1133 2642 ομωςέκελυοιὲοις

168 2675 229 2734 μεν
241 2647 363 2733 εοίρωυ
367 2645 472 2716 αὐτὸν
482 2658 681 2737 τηλικοῦτον
688 2650 839 2740 ήλίκος”
812 2681 860 2722 σου
868 2653 982 2734 πιστὸς
991 2651 1132 2743 ὑπῆρχε,

170 2746 337 2831 συμμαχοί
341 2771 377 2813 τε
386 2739 473 2831 ήσαν
482 2751 537 2816 καλ
545 2749 584 2816 δι
592 2753 807 2841 ἐκείνουήμλυ
816 2760 1010 2843 ἐπολέμουν,
1017 2754 1132 2842 ἐπειδη

170 2842 312 2911 ³6600v
329 2851 427 2929 μείζω
446 2854 505 2934 τής
522 2847 606 2933 πρὸς
624 2849 747 2932 αὐτοὺς
764 2862 903 2934 πίστεως
919 2855 1130 2942 ηηνόμευον,

169 2939 301 3010 τοσοῦτ’
322 2939 481 3028 ἀπέχουσι
497 2956 561 3014 τοῦ
576 2954 851 3038 ψηφίσασθαι,”
827 2982 872 3023 αν
888 2981 938 3035 τις
949 2955 1131 3077 ἀποκτείνη

169 3037 243 3108 τινά
260 3047 329 3109 ταῖν
345 3045 460 3133 έκείνςο
482 3051 840 3173 συγκατεσκευακότων
862 3053 925 3141 τήν
947 3050 1070 3140 ἀρχήν,
1093 3055 1131 3120 έκ

110 3147 236 3207 Ιλθτῶν
255 3143 384 3210 ἑαυτῶν
405 3144 587 3232 συμμάχων
607 3146 776 3236 ἀγώγιμον
793 3150 893 3239 εἶναι,
917 3150 1005 3220 ὥσθ’
1031 3146 1130 3237 ὑμᾶς,

170 3235 229 3317 οὓς
250 3240 402 3310 ίσασιν’
382 3245 541 3314 απάντων
564 3245 760 3334 ἀνθρώπων
779 3245 933 3334 ἥδιστ’
910 3277 956 3318 αν
977 3250 1033 3317 καὶ
1048 3246 1132 3329 τούς

169 3339 239 3406 ἐκεί
224 3344 299 3407 ίνου
315 3348 433 3427 φίλους
449 3347 506 3413 καὶ
523 3343 627 3414 αι’πόν
643 3342 703 3414 τὸυ
719 3353 887 3416 Φιλιππου
908 3346 1112 3416 ἀπυκτείναυ

169 3460 243 3522 τας,
255 3445 373 3523 φίλους
383 3451 594 3531 πεποίηνται,
617 3447 699 3530 φασὶ
711 3444 747 3513 δὲ
758 3447 813 3513 καλ
824 3445 1018 3532 συμμάχους
1029 3443 1129 3533 ποιή-
