2370 3854
226 150 313 246 '310
453 188 563 247 xxvn.
584 186 1004 250 ΔΗΜοΣοιιοιονΣ

249 364 344 430 γιστα
356 345 549 430 κεκτημένοι
560 344 723 430 τιμήματα
738 347 939 432 εἰσέφερον)
948 348 1043 417 δεῖδὲ
1057 352 1116 421 καὶ
1156 392 1159 408 .
1181 374 1184 412 ³

249 445 391 510 ἕκαστον
411 438 497 530 ὑμᾶς
518 441 661 510 ἀκοῦσαι
682 442 722 510 τά
742 441 774 510 τ’
791 444 911 532 ένεργά
933 446 1047 516 αὐτῶν
1068 452 1126 520 καὶ
1141 450 1174 521 ἀ·

249 533 294 626 ήυ
305 537 390 627 ἀργοὶ
405 543 459 608 καί
471 540 555 608 ὅσον
565 534 610 628 ήν
621 541 695 622 ἀξια
708 542 838 611 ἕκαστα.
872 554 977 614 ταῦτα
993 546 1058 635 γάρ
1070 550 1166 635 μαθέ

249 666 302 718 τες
317 638 463 725 ἀκριβῶς
479 649 612 708 εἴσεσθε
635 639 686 708 ὅτι
707 647 775 708 τῶν
796 640 927 711 πώποτ’
942 647 1165 732 έπιτροπευσά

249 766 317 807 των
344 737 479 818 οὐδένες
505 738 740 823 ἀναιδέστερον
766 736 845 809 οὐδὲ
872 748 1157 835 περιφανέστερον

221 832 344 909 δοῦτοι
359 836 399 906 τά
416 836 557 926 ἡμέτερα
574 838 802 924 διηρπάκασιν.
836 849 970 924 πρῶτον
993 844 1055 930 μὲν
1071 838 1137 914 οὖν
1167 843 1184 900 ι’

250 936 509 1023 συνετιμήσαντο
531 933 615 1020 ὑπὲρ
641 942 723 1023 ἐμοῦ
743 938 870 1026 ταύτην
889 938 953 1028 τήν
977 943 1141 1029 εἰσφορὰν
1156 970 1185 1013 ει

249 1037 312 1122 τήν
329 1042 532 1122 συμμορίαν,
547 1038 726 1122 παρέξομαι
744 1036 873 1107 τούτων
883 1038 1069 1129 μάρτυρας,
1091 1046 1150 1111 ἕπε
1172 1061 1177 1099 ³

250 1134 302 1203 ὅτι
313 1131 354 1202 οὐ
369 1136 492 1221 πένητα
506 1138 661 1203 κατέλιπέ
674 1132 744 1222 μεὸ
760 1134 867 1224 πατὴρ
879 1135 957 1205 οὐδ’
974 1140 1181 1229 έβδομήκουτ

251 1240 345 1322 μνῶν
362 1232 481 1302 οὐσίαν
497 1238 715 1322 κεκτημένον,
733 1233 818 1304 ἀλλά
837 1237 1005 1323 τοσαύτην
1022 1235 1108 1324 ὅσην
1125 1236 1179 1307 ο’

251 1333 344 1403 αὐτοὶ
355 1326 449 1403 οὗτοι
465 1333 727 1421 ἀποκρύψασθαι
745 1333 799 1403 διά
819 1333 857 1403 τὸ
876 1338 1018 1423 μέγεθος
1040 1336 1179 1425 πρδςτή

251 1436 349 1506 πόλιν
365 1435 590 1522 ἐδυνήθησαν.
618 1440 677 1502 καί
683 1461 739 1522 μοι
750 1433 979 1521 ἀναγίγνωσκε
993 1434 1149 1524 λαβῶυτ
1173 1436 1183 1460 ’

251 1532 384 1622 τηυτήν
393 1540 588 1620 μαρτυρίαν.

603 1687 845 1748 MAPT'PPIA.

226 1840 243 1894 ρ
333 1820 449 1898 Δῆλον
458 1810 520 1896 μὲν
536 1815 652 1877 τοίνυν
668 1813 723 1878 καί
741 1814 776 1878 ἐκ
786 1810 917 1877 τούτων
932 1810 999 1877 ἐστὶ
1015 1807 1052 1876 τό
1070 1818 1184 1898 πλήδο

249 1918 307 1998 τής
322 1906 445 1988 οὐσίας.
468 1910 702 1975 πεντεκαίδεκα
712 1909 884 1976 ταλάντων
894 1906 958 1994 γάρ
970 1913 1044 1993 τρία
1053 1908 1181 1979 τάλαυτ

249 2016 387 2096 τίμημα·
417 2006 544 2094 ταύτην
554 2004 670 2093 ήξίουν
687 2010 853 2093 εἰσφέρειν
869 2005 932 2094 τήν
950 2007 1123 2094 είσφοράυ.
1181 2049 1185 2068 ι

249 2108 280 2177 δ’
293 2106 528 2195 ἀκριβέστερον
539 2116 671 2175 είσεσδε
688 2105 750 2194 τήν
767 2105 886 2175 οὐσίαν
902 2104 1010 2193 αὐτήν
1030 2105 1162 2178 ἀκούσαι

248 2234 309 2289 τες.
342 2205 435 2295 ὁγάρ
452 2205 579 2294 πατήρ,
600 2198 760 2292 ῶάνδρες
777 2207 944 2291 δικασταί,
966 2206 1121 2275 κατέλιπε
1138 2208 1183 2275 δή

249 2307 461 2395 ἐργαστήρια,
495 2307 610 2393 τέχνης
632 2304 673 2375 οά
694 2314 814 2393 μικρᾶς
834 2305 1008 2389 ἑκάτερον,
1039 2331 1175 2392 μαχαιρ

249 2404 364 2484 ποιοὺς
376 2406 438 2492 μὲν
446 2406 624 2490 τριάκοντα
635 2407 690 2475 καὶ
702 2407 763 2475 δύο
774 2402 907 2493 ήτρεῑς,
930 2402 995 2473 ἀυά
1006 2407 1105 2473 πέντε
1115 2411 1184 2491 μνᾶ

248 2509 303 2575 καί
321 2509 370 2589 ἓξ,
391 2504 470 2583 τούς
487 2503 519 2573 δ’
534 2503 597 2573 οὐκ
613 2500 825 2592 ἐλάττουοςή
844 2511 947 2591 τριῶν
963 2508 1059 2590 μνῶν
1083 2500 1110 2573 ι’,
1136 2538 1141 2563 ι
1178 2539 1185 2573 ,⁴

249 2603 303 2691 ἀφ’
318 2596 368 2671 ῶν
377 2603 554 2689 τριάκοντα
565 2612 650 2690 μνᾶς
660 2601 783 2683 ἀτελεῖς
795 2601 959 2690 έλάμβανε
969 2608 1030 2669 τοῦ
1040 2603 1176 2673 ένιαυτο

248 2702 310 2790 τήν
332 2704 515 2790 πρόσοδον,
538 2702 751 2782 κλινοποιοὺς
774 2701 807 2770 δ’
829 2711 934 2770 είκοσι
956 2697 1016 2769 τδυ
1038 2697 1165 2787 ἀριθμὸ

248 2803 488 2888 τετταράκοντα
508 2808 603 2888 μνῶν
624 2798 878 2888 ὑποκειμένους,
906 2806 941 2868 οἳ
964 2798 1094 2867 δῶδεκσ
1114 2824 1183 2884 μνα

248 2896 371 2978 ἀτελεῖς
386 2895 477 2988 αὐτῷ
495 2900 722 2985 προσέφερον,
744 2895 908 2984 ἀργυρίου
926 2894 957 2964 δ’
972 2902 1018 2976 είς
1035 2897 1178 2965 τάλαυτο

248 2999 299 3067 ἐπὶ
313 3002 440 3085 δραχμῇ
452 3000 725 3083 δεδανεισμένου,
737 2989 781 3064 οὗ
790 2996 889 3076 τόκος
899 3001 1046 3083 ἐγίγνετο
1056 3002 1120 3063 τοῦ
1130 2998 1168 3065 έν

206 3104 353 3166 λοαυτοῦ
375 3094 516 3164 ἑκάστου
537 3104 632 3163 πλεῖν
651 3091 674 3183 ή
697 3093 778 3165 έπτά
805 3109 894 3181 μναί.
937 3097 991 3165 καὶ
1012 3103 1115 3163 ταῦτα
1135 3096 1177 3181 μὲ

246 3192 364 3281 έυεργά
376 3197 565 3281 κατέλιπεν,
584 3191 629 3273 ὡς
638 3195 693 3263 καί
704 3192 799 3262 αὐτοὶ
810 3186 904 3262 οὗτοι
915 3191 1182 3281 ὁμολογήσουσιν

247 3283 296 3359 ῶν
306 3300 452 3380 γίγνεται
468 3300 530 3361 τοῦ
547 3292 610 3380 μὲν
630 3290 768 3379 ἀρχαίου
786 3293 969 3380 κεφάλαιον
983 3296 1121 3378 τέτταρα
1135 3292 1179 3361 τ’

248 3397 348 3456 λαντα
362 3392 417 3457 καὶ
430 3398 703 3478 πεντακισχίλιαι,
725 3390 763 3460 τὸ
776 3390 808 3460 δ’
825 3397 927 3479 ἔργον
943 3390 1056 3460 αὐτῶν
1073 3414 1115 3459 πε
1168 3390 1179 3414 ’
