2370 3854
119 227 180 292 148
328 229 422 286 XXIII.
453 218 868 285 ΔΗΜΟΣΘΒΝΟΥΣ

119 389 156 459 τὸ
178 387 435 473 τελευτήσαντος
452 384 583 461 Κότυος
603 382 797 469 Βηρισάδην
818 386 874 451 καὶ
889 380 1077 468 Ἀμάδοκον

119 490 174 556 καὶ
192 486 447 573 Κερσοβλέπτην
464 496 551 567 τρεῖς
568 478 650 548 ἀνθ’
671 478 746 559 ἑνὸς
765 486 924 566 γενέσθαι
942 482 1077 571 Θρᾴκης

119 586 287 673 βασιλέας·
311 584 499 669 συμβέβηκε
520 578 584 665 γάρ
602 581 638 647 ἐκ
655 578 777 646 τούτου
788 576 899 660 αὑτοῖς
910 579 1078 666 μὲνάντι-

119 686 246 762 πάλους
264 680 522 763 εἶναιτούτους,
545 676 631 763 ὑμᾶς
643 676 679 745 δὲ
689 674 893 763 ὑπέρχεσθαι
904 681 960 747 καὶ
970 688 1078 763 θερα-

94 783 244 869 9πεάειν.
277 789 375 848 τοῦτο
388 786 522 863 τοίνυν,
543 771 571 844 οἷ
581 776 703 860 άνδρες
710 774 898 863 Ἀθηναῖοι,
909 775 1078 864 βουλόμε-

118 890 175 951 νοί
183 906 270 959 τινες
283 887 425 962 παῦσαι,
448 880 504 947 καὶ
513 884 697 945 καταλῦσαι
708 878 769 967 μὲν
780 875 859 956 τους
869 877 1002 963 ἑτέρους
1013 883 1078 964 βα-

119 983 246 1066 σιλέας,
265 984 475 1064 παραδοῦναι
487 973 518 1043 δ’
532 978 582 1044 ἑνὶ
591 983 639 1066 τῷ
648 976 885 1063 Κερσοβλέπτῃ
896 971 959 1061 τήν
969 971 1077 1061 άρχήν

119 1079 271 1161 ἅπασαν,
286 1075 546 1162 διαπράττονταί
553 1095 648 1162 σφισι
658 1083 757 1143 τοῦτο
769 1076 929 1160 γενέσθαι
939 1072 977 1142 τὸ
991 1097 1078 1160 προ-

118 1177 307 1264 βούλευμα,
320 1182 366 1267 τῷ
377 1175 438 1262 μὲν
449 1173 592 1243 οἰκοῦσαι
604 1178 838 1262 κεχωρισμένοι
849 1183 912 1243 τοῦ
921 1201 953 1244 τι
962 1181 1079 1243 τοιοῦ-

118 1302 179 1343 τον
190 1279 302 1342 δοκεῖν
314 1273 575 1359 διαπράξασθαι,
586 1282 632 1365 τῷ
645 1272 677 1342 δ’
691 1280 777 1362 ἔρνςο
789 1273 925 1342 πάντων
935 1273 1077 1360 μάλιστα

81 1383 219 1446 10τοῦτο
238 1382 466 1461 περαίνοντες,
491 1373 535 1454 ὡς
553 1368 617 1460 ἐμοὶ
636 1375 765 1455 διδάξω.
799 1372 910 1460 ἐπειδή
920 1373 987 1459 γάρ
1002 1371 1078 1452 ἑνδς

118 1475 377 1561 τελευτήσαντος
397 1480 466 1541 τῶν
487 1475 668 1560 βασιλέων,
689 1470 899 1558 Βηρισάδου,
922 1469 1114 1559 παραβάςολ

119 1569 198 1650 τούς
216 1570 339 1658 ὅρκους
356 1574 410 1639 καὶ
427 1568 485 1650 τάς
500 1572 690 1657 συνθήκας,
713 1569 752 1649 άς
763 1569 841 1658 μεθ’
854 1569 951 1656 ὑμῶν
962 1571 1077 1656 ἐποιή-

120 1691 211 1756 σατο,
224 1673 475 1758 Κερσοβλέπτης
486 1674 616 1758 ἐξέφερε
628 1672 773 1758 πόλεμον
784 1672 867 1758 πρός
877 1698 912 1739 τε
923 1671 1077 1757 τοδςΒη-

120 1770 261 1854 ρισάδου
278 1775 398 1849 παῖδας
415 1772 471 1837 καὶ
487 1771 571 1855 πρὸς
584 1768 786 1858 Ἀμάδοκον,
812 1771 953 1857 εὔδηλον
969 1762 1015 1857 ήν
1026 1767 1077 1839 ὅτι

120 1881 188 1947 τοῖς
199 1870 261 1952 μὲν
270 1868 463 1954 Βηρισάδου
474 1873 587 1936 παισίν
594 1866 828 1956 Ἀθηνόδωρος
838 1868 1016 1955 βοηθήσοι,
1028 1875 1076 1958 τῷ

122 1963 151 2032 δ’
164 1965 332 2055 Ἀμαδόκῳ
344 1972 463 2053 Σίμων
473 1969 528 2035 καὶ
537 1969 687 2055 Βιάνωρ·
707 1968 797 2056 ὁμὲν
807 1968 871 2054 γάρ
881 1967 1075 2055 Βηρισάδου

79 2083 111 2137 11
121 2062 296 2150 κηδεστής,
320 2070 354 2133 οί
364 2066 400 2134 δὲ
409 2063 592 2151 Ἀμαδόκου
608 2068 795 2153 γεγόνασιν.
830 2067 999 2137 ἐσκόπουν
1009 2058 1075 2134 οὖν

121 2161 185 2231 τίν’
199 2160 243 2232 άυ
254 2164 381 2250 τρόπον
390 2163 530 2253 ἡσυχίαν
540 2167 601 2254 μὲν
611 2172 697 2253 ἔχειν
708 2165 952 2254 άναμκασθείεν
969 2156 1074 2249 οὗτοι,

121 2262 254 2349 ἐρήμων
265 2263 298 2330 δ’
310 2264 419 2333 ὅντων
429 2269 565 2334 ἐκείνων
576 2264 837 2354 ὁΚερσοβλέπτη
848 2265 1003 2353 πράττων
1012 2261 1075 2349 τὴν

121 2358 226 2449 άρχήυ
236 2371 427 2453 Χαρίδημος
444 2364 602 2454 άσφαλῶς
619 2366 726 2433 πάντα
742 2367 1012 2450 καταστρέψαιτο.
1046 2367 1077 2429 εί

121 2467 342 2548 πρῶτονμὲν,
355 2463 398 2531 άν
408 2491 457 2542 τις
468 2464 572 2532 αὐτὸν
583 2463 778 2551 άποκτείνη,
790 2465 944 2549 ψήφισμα
955 2459 1075 2547 ὑμέτε-

122 2559 613 2648 ρουγένοιτοάνάμιμονεῖναι·
635 2561 856 2648 δεάτερονδδ,
880 2567 911 2628 εί
925 2585 1075 2648 χειροτο-

8 2674 11 2679 “
77 2677 112 2732 12
121 2664 239 2743 υηθείη
250 2657 430 2744 στρατηγὸς
440 2658 496 2747 ὑφ’
508 2659 808 2749 ὑμῶνΧαρίδημος.
831 2656 1076 2748 οὔτεμάρὺμε-

120 2756 205 2844 τέρςο
217 2766 389 2846 στρατηγῷ
402 2767 583 2846 προχείρως
600 2765 732 2830 ἐναντία
749 2761 919 2846 θήσεσθαι
928 2757 968 2826 τά
987 2757 1075 2826 ὅπλα

121 2857 257 2937 ἔμελλεν
269 2852 286 2919 ὁ
299 2863 416 2941 Σίμων
428 2856 502 2924 οὐδ’
516 2857 533 2926 ὁ
545 2861 696 2944 Βιάνωρ,
718 2867 848 2928 πολῖται
859 2860 1075 2943 γεγενημένοι

120 2954 175 3019 καὶ
186 2951 293 3031 άλλως
304 2957 546 3035 ἐσπουδακότες
556 2957 639 3044 πρὸς
650 2955 752 3044 ὑμᾶς·
775 2954 841 3023 ὁδε
859 2953 899 3040 δή
910 2956 1074 3039 νένειπο-

119 3049 450 3139 λίτηςἈθηνάδωρος
463 3052 541 3125 οὐδὲ
557 3057 819 3145 βουλεύσεσθαι,
843 3051 922 3122 οὐδὲ
938 3049 1001 3138 τὴν
1019 3049 1074 3120 διά

118 3159 181 3216 τοῦ
197 3158 406 3240 ψηφίσματος
423 3161 532 3224 αἰτίαν
549 3154 797 3235 ὑποδύσεσθαι,
820 3143 1074 3240 ήπρόδηλοςήν

118 3244 167 3315 ἐπ’
182 3254 328 3332 ἐκείνους
338 3254 475 3342 ἥξουσα,
485 3264 518 3323 εί
523 3282 554 3322 τι
564 3253 669 3321 πάθοι
676 3257 872 3339 Χαρίδημος.
897 3254 934 3319 ἐκ
946 3250 981 3318 δὲ
991 3251 1074 3332 τού,-

116 3373 177 3414 του
188 3358 251 3417 τοῦ
260 3353 388 3437 τρόπον
397 3362 467 3422 τῶν
477 3354 539 3440 μὲν
556 3353 688 3438 ἐρήμων
705 3350 814 3420 ὄντων
830 3357 987 3440 βοηθῶν,
1009 3345 1074 3417 αὖ·

115 3457 184 3524 τοῖς
195 3447 231 3516 δὲ
241 3447 353 3530 άδείοις
365 3456 536 3538 δοθείσης,
559 3454 680 3541 ῥαδίως
690 3457 843 3540 ἐκβαλείν
854 3454 1002 3528 ἐκείνους
1015 3450 1073 3519 καὶ
