2370 3854
315 201 454 262 ΠΡΟΣ
471 200 579 259 ΑΠΑ
589 199 830 260 ΤΟΤΡΙΟΝ.
982 192 1042 256 377

95 370 140 440 είς
160 370 270 447 κρίσιν
292 359 545 444 καθισταμένοις
560 358 614 424 ἐπὶ
627 355 689 443 τὴν
706 356 928 444 παραγραφὴν
943 383 1044 424 κατα-

95 451 1106 545 φεύγετνέδωκενύνόμος,ἵναμηδελςσυκοφαντῆται,ύλλ’ρρρ

94 556 206 636 αύτολς
221 570 290 635 τοῖς
297 563 338 643 τῇ
349 552 489 640 ἀληθείᾳ
500 549 731 639 ιἰδαιουμένοις
742 561 811 621 τῶν
822 552 977 642 ἐμπόρων
988 553 1047 620 καὶ·

92 663 160 722 των
180 653 381 739 ναυκλήρων
401 655 438 719 αί
457 655 548 719 δίκαι
565 645 658 719 ιόσιν.
689 654 744 720 καὶ
765 653 884 720 πολλοὶ·
896 650 958 738 ἤδη
976 659 1043 718 των

93 752 290 838 φευγόντων
304 753 342 816 ἐν
357 762 428 827 ταῖς
442 751 632 835 ἐμπορικαῖς
646 748 943 835 παραγραψάμενοι
959 743 1041 815 κατὰ

92 848 153 918 τὸν
170 848 279 934 νόμον·
290 848 424 915 τουτονὶ
434 849 489 943 καὶ
500 846 709 926 είσελθόντες
717 853 762 926 είς
772 845 861 933 ύμολς
870 846 1043 932 ἐξήλεγξαν

91 948 169 1025 τούς
181 947 413 1032 δικαζομένους
422 943 775 1032 ύδίιιωςέγκαλούντας
784 948 840 1013 καλ
849 946 900 1013 ἐπὶ
910 952 950 1032 τῇ
959 966 1045 1028 προ-

66 1045 191 1130 ςφύσει
206 1053 269 1113 τοῦ
285 1043 527 1130 ἐμπορεύεσθαι
543 1051 846 1128 συκοφαντοῦντας
879 1040 969 1127 ὁμὲν
980 1032 1046 1108 ούν

92 1142 171 1227 μετὰ
187 1141 310 1209 τούτου
324 1165 380 1226 μοι
398 1137 680 1227 ἐπιβεβουλευκύς
696 1143 751 1208 καὶ
768 1138 828 1207 τὸν
839 1138 952 1224 ἆγολνα
963 1164 1047 1207 του-
1123 1197 1126 1201 ,

91 1242 161 1307 τονλ
183 1235 432 1314 κατεσκευακὼς
453 1236 628 1322 προιόντος
649 1236 834 1320 τοῦλόγου
851 1234 1044 1321 καταφανὴς

90 1334 170 1421 ύμῖν
187 1341 291 1403 ἔσται·
313 1338 532 1418 ἐγκαλοῦντος
548 1335 587 1400 δέ
594 1357 650 1417 μοι
659 1330 876 1420 Ἀπατουρίου
885 1332 925 1402 τύ
936 1338 1043 1418 ψευδῆ

91 1436 146 1501 καὶ
162 1431 251 1515 παρὰ
268 1429 346 1508 τούς
362 1429 486 1516 νόμους
503 1434 732 1519 δικαζομένου,
755 1434 808 1499 καὶ
827 1429 889 1499 ὅσα
900 1431 961 1516 μὲν
971 1433 1041 1515 ἐμοὶ

90 1533 144 1598 καλ
159 1528 265 1616 τούτῳ
277 1531 405 1612 ἐγένετο
416 1528 619 1615 συμβόλαια,
640 1527 776 1595 πάντων
787 1525 977 1613 ἀπαλλαγῆς
987 1528 1043 1619 καὶ

89 1627 237 1712 ἀφέσεως
254 1627 448 1712 γενομένης,
469 1624 573 1694 ἄλλον
591 1628 627 1694 δὲ
642 1632 848 1714 συμβολαίου
865 1622 928 1692 ούκ
946 1623 1042 1704 ὄντος

90 1729 161 1813 ἐμοὶ
178 1724 262 1809 πρὸς
277 1733 414 1811 τοῦτον,
437 1723 514 1793 ούτε
530 1733 692 1793 ναυτικοῦ
702 1724 776 1793 οὔτ’
788 1729 933 1815 ἐγγείου,
955 1747 1041 1806 παρ-

90 1824 286 1911 εγραψάμην
299 1822 363 1908 τὴν
379 1826 476 1909 δίκην
487 1820 530 1910 μὴ
543 1823 764 1909 εἰσαγώγιμον
775 1821 860 1890 εἶναι
870 1818 956 1890 κατδ
963 1819 1043 1900 τούς

91 1923 214 2008 νόμους
226 1929 389 1991 τουτουσί.

480 2079 644 2141 ΝΟΜΟῙ.

64 2257 81 2307 4
170 2226 225 2303 Ὡς
235 2233 350 2294 τοίνυν
367 2222 456 2304 παρὰ
473 2221 551 2300 τούς
567 2222 690 2339 νόμους
705 2221 844 2300 τούτους
861 2222 971 2306 εἴληχέ
986 2245 1043 2305 μοι

53 2323 149 2424 τὴν
171 2327 267 2407 δικην
280 2320 493 2403 Ἀπατούριος
509 2317 616 2387 καὶ
581 2345 619 2386 τα
641 2323 749 2404 ψευδῆ
770 2322 986 2405 ἐγκεκληκεν,
1004 2321 1044 2386 ἐκ

89 2427 222 2487 πολλῶν
231 2416 310 2504 ύμλν
320 2425 400 2486 τούτ
405 2415 583 2496 ’ἐπιδειξοα
606 2413 669 2501 ἐγύ
681 2415 762 2501 γὰρ,
775 2442 800 2483 οι
789 2409 937 2500 ανδρες
945 2420 1040 2484 δικα-

89 2518 177 2600 σταλ,
199 2513 308 2585 πολύν
322 2507 386 2601 ἤδη
402 2514 525 2600 χρόνον
536 2516 638 2582 ἐπὶ
598 2540 655 2600 της
666 2510 857 2600 ἐργασίας”
830 2521 946 2602 ωντῆς
956 2541 1039 2583 κατα

87 2616 258 2683 θάλατταν
268 2619 361 2702 μέχρι
369 2615 430 2699 μέν
441 2637 532 2690 τινος
541 2609 641 2690 αύτός
652 2610 934 2698 ἐκινδύνευον,’
898 2637 992 2679 ουπω
1005 2610 1037 2679 δ

88 2718 143 2799 ἔτη
155 2715 270 2782 ἐστίν’
253 2738 332 2783 επτα
344 2709 404 2798 ἀφ’
419 2701 461 2779 ού
470 2737 508 2778 το
498 2708 581 2797 μὲν
592 2718 687 2778 πλεῖν
698 2710 912 2795 καταλέλυκα,
925 2712 1040 2795 μέτρια

62 2809 122 2880 ὁδ’
133 2812 355 2896 ἐχωντούτοις
365 2808 914 2895 πειρωμαιναντικοίςέργαζεσθαι.
938 2805 1040 2875 διαδδ

87 2909 124 2974 τὸ
144 2906 284 2992 αφῐχθαι
300 2908 481 2993 πολλαχόσε
496 2911 551 2976 καὶ
568 2906 667 2975 διὰ
632 2932 670 2976 το
684 2907 771 2976 εἶναί
779 2932 835 2993 μοι
846 2933 903 2984 τας
914 2911 1040 2989 διατρι-

86 3002 149 3091 βὰς
159 3006 280 3089 περὶτὰ
292 3004 450 3091 ἐμπόριον
463 3012 637 3089 γνωρίμως
648 3010 708 3090 ἔχω
721 3019 788 3083 τοῖς
799 3011 960 3080 πλείστοις
971 3011 1039 3070 τοῖν

86 3102 256 3169 πλεόντων
265 3100 328 3187 τὴν
340 3101 524 3170 θάλατταν·
546 3101 676 3180 τούτοις
686 3101 798 3178 δὲτολς
808 3103 845 3167 ἐκ
856 3105 1039 3180 Βυζαντίου

86 3201 141 3266 καὶ
157 3196 247 3264 πάνυ
264 3203 391 3278 οἰκείως
406 3207 534 3286 χρῶμαι
551 3198 605 3267 διὰ
623 3199 659 3266 τὸ
680 3201 884 3283 ἐνδιατρῖψαι
906 3196 1036 3265 αὐτόθι.

84 3300 214 3381 ἔχοντος
224 3298 262 3362 δέ
269 3319 336 3381 μου
347 3296 452 3376 ούτως
463 3295 508 3377 ύς
518 3300 846 3384 λέγω,κατέπλευσαν
857 3299 958 3380 δεῦρο
967 3303 1036 3380 τρί-
1045 3324 1099 3382 894

83 3419 144 3460 τον
161 3399 231 3474 ἔτος
248 3386 349 3475 ούτόρ
362 3421 398 3463 τε
414 3399 469 3464 καλ
479 3404 613 3484 πολίτης
624 3392 730 3464 αύτού
741 3393 946 3480 Παρμένων,
968 3400 1038 3462 Βυ-
