2370 3854
137 248 178 311 9ss
342 253 413 310 xxl.
447 247 522 307 ΛΗ
530 247 571 306 Μ
576 246 758 308 ΟΣΘΕΝ
763 247 863 306 ΟΤλ

137 407 211 494 παρ’
225 399 274 474 ’τόν
286 407 556 494 εἰσπραττόμενοι
571 404 735 472 τάλαντον
746 407 912 474 ταλάντου
929 416 1092 492 μισθοῦσι

137 505 196 585 τὰς
207 512 417 591 τριηραρχίας
428 497 531 587 οὗτοι,
540 502 946 590 εἶταπληριόματαήπόλις
956 507 1091 592 παρέχει
1100 522 1128 576 5(

138 606 193 672 καὶ
202 605 309 691 ’σκεύη
327 606 481 688 δίδωσιν,
502 599 578 669 ὥστ’
595 598 707 669 αὐτων
723 604 823 680 ’ἐνίοις
836 608 880 689 ’τῇ
893 600 1035 691 ἀληθείᾳ
1051 603 1089 670 τὸ

137 705 240 788 μηδὲν
249 700 420 769 ἀναλῶσαι
436 701 491 768 κἀὶ
509 705 620 767 δοκεῖν
638 703 944 787 λελειτουργηκέναι
954 704 1008 768 καὶ
1019 709 1091 768 τῶν

78 813 126 866 156
136 799 247 867 ἀλλων
258 795 604 884 λειτουργιωνάτελείς
613 806 815 884 γεγενῆσθαι
825 806 998 887 περίεστιν.
1025 799 1090 868 ἀλ-

137 897 178 964 λά
196 894 263 981 μήν
279 902 314 962 τί
327 896 425 974 ἀλλος
454 898 637 984 τραγῳδοῖς
658 898 860 984 κεχορήγηκέ
878 897 954 966 ποθ’
978 892 1088 981 οὗτος,

136 993 201 1080 ἐγώ
213 997 249 1062 δὲ
267 990 423 1079 αὐληταῖς
439 991 591 1081 ἀνδράσι.
622 995 677 1061 καί
694 992 746 1061 ὅτι
760 1002 859 1062 τοῦτο
870 993 908 1063 τό
926 993 1089 1082 ἀνάλωμα

137 1099 263 1179 ἐκείνης
274 1098 331 1179 τῆς
343 1093 493 1179 δαπάνης
515 1096 616 1159 πλέον
633 1093 701 1160 ἐστὶ
717 1100 829 1180 πολλῷ
837 1090 957 1172 ὀὐδεὶς
974 1091 1094 1180 ἀγνοεῖ

139 1193 257 1278 δήπου.
291 1190 386 1276 κάγώ
396 1192 456 1277 μὲν
473 1189 651 1276 ἐθελοντής
667 1199 748 1278 νῦν,
771 1183 869 1269 οὗτος
881 1193 917 1258 δὲ
925 1191 1091 1271 καταστάς

137 1293 169 1370 ἐξ
181 1288 380 1370 ἀντιδόσεως
390 1290 473 1375 τότε,
483 1282 527 1357 οὗ
531 1291 631 1375 ’χάριν
642 1287 802 1385 οὐδεμίαν
813 1287 903 1379 αὐτῷ
915 1290 1023 1375 δήπου
1036 1295 1090 1358 δι-

136 1387 296 1468 καίωςάν
307 1416 356 1467 τις
366 1393 441 1473 ἔχοι.
473 1393 508 1455 τί
516 1395 579 1469 ἔτις
595 1393 744 1455 ἐἱστίακα
756 1387 818 1474 τήν
831 1385 945 1474 φυλήν
955 1386 1018 1472 ἐγώ
1031 1395 1090 1456 καλ

80 1495 126 1550 157
136 1493 387 1571 Παναθηναίοις
398 1485 612 1572 κεχορήγηκα,
619 1478 716 1563 οὗτος
727 1484 757 1552 δ’
768 1484 933 1570 οὐδέτερα.
954 1485 1090 1572 ήγεμων

138 1589 322 1670 συμμορίας
332 1580 413 1667 ὑμῖν
425 1583 590 1667 ἐγενόμην
599 1581 662 1666 ἐγώ
677 1587 731 1667 ἔτη
744 1586 832 1666 δέκα,
845 1593 920 1651 ίσον
931 1591 1090 1669 Φορμίω-

136 1711 168 1749 νι
179 1686 234 1749 καὶ
242 1682 427 1769 Λυσάλείδη
438 1681 493 1747 καὶ
502 1686 719 1768 Καλλαίσχρῳ
737 1681 792 1747 καὶ
802 1694 869 1759 τοῖς
879 1683 1090 1750 πλουσιωτά-

135 1806 212 1863 τοις,
233 1781 397 1866 είσφέρων
414 1777 475 1846 οὐκ
493 1776 558 1846 ἀπὸ
576 1775 789 1864 ὑπαρχούσης
799 1776 913 1858 οόσιάς
928 1777 1007 1865 (ὑπὸ
1021 1780 1088 1865 γάρ

135 1885 204 1944 τοῖν
215 1877 403 1960 ἐπιτρόπων
414 1874 677 1963 ἀπεστερήμην),
696 1874 765 1943 ἀλλ’
778 1874 843 1943 ἀπὸ
860 1872 1088 1965 τήςδόξηςοῖν

135 1972 152 2040 ὁ
167 1971 273 2060 πατήρ
296 1999 352 2058 μοι
372 1977 524 2041 κατέλιπε
546 1977 602 2041 καὶ
623 1966 673 2041 οἷν
690 1978 818 2042 δίκαιον
833 1968 877 2060 ήν
893 2001 934 2061 με
944 1981 1086 2064 δοκιμα-

135 2074 259 2140 σθέντα
270 2078 480 2158 κομίσασθαι.
504 2071 567 2157 ἐγω
575 2072 635 2157 μὲν
646 2064 708 2139 οὖν
721 2070 1087 2161 οὕτωςὺμῖνπροσενή-

136 2167 1087 2259 νεγμαι,Μειδίαςδὲπιός;οὐδέπωκαὶτήμερονσυμμόρίας

134 2268 268 2357 ήγεμωυ
289 2273 438 2356 γέγονεν,
460 2263 560 2338 οὐδὲν
581 2277 650 2337 ταῖν
666 2270 829 2360 πατρῴων
845 2268 1086 2356 ἀποστερηθεὶς

136 2367 196 2434 ὑπ’
210 2366 359 2452 οὐδενὸς,
383 2368 466 2435 ἀλλά
488 2370 578 2452 παρά
598 2368 800 2452 τοῦπατρὸς
818 2367 946 2455 πολλήν
963 2368 1084 2439 οὐσίαν

75 2477 128 2529 158
136 2466 347 2551 παραλαβοόυ.
370 2472 418 2544 τίς
428 2460 492 2532 οὖν
503 2470 591 2532 ἐστιν
601 2465 622 2551 ή
634 2466 832 2552 λαμπρότης,
843 2463 866 2551 ή
872 2475 958 2546 τίνες
970 2473 1006 2535 αί
1015 2479 1075 2537 λει-

136 2568 287 2647 τουργίαι
297 2565 351 2630 καὶ
360 2560 401 2629 τά
412 2560 516 2648 σεμνά
528 2561 728 2649 ἀναλώματα
738 2562 778 2630 τά
791 2565 927 2647 τούτους
944 2565 1013 2651 ἐγω
1022 2568 1085 2654 μὲν

56 2683 59 2688 ·
135 2659 199 2746 γάρ
212 2657 272 2744 οὐχ
285 2657 370 2746 ὁρῶ,
392 2660 480 2746 πλήν
492 2667 523 2728 εί
537 2662 641 2729 ταῦτά
652 2688 700 2739 τις
716 2671 854 2748 θεωρεῖ·
876 2671 984 2733 οίκίαν
996 2665 1077 2754 ρόκο

136 2757 281 2843 δόμηκεν
300 2757 458 2826 Ἐλευσῖνι
478 2760 644 2846 τοσαότην
669 2759 753 2828 ὥστε
774 2769 876 2829 πᾶσιν
897 2767 1085 2833 ἐπισκοτεῖν

136 2870 203 2933 τοῖς
219 2858 257 2923 ἐν
273 2864 320 2945 τῷ
337 2857 444 2947 τόπῳ,
467 2861 523 2926 καί
543 2865 588 2936 εἰς
606 2859 769 2945 μυστήρια
786 2860 847 2944 τήν
857 2860 984 2945 γυναῖκ’
998 2863 1084 2949 ἀγει,

129 2949 202 3021 κάν
216 2951 340 3022 ἀλλοσί
346 2979 403 3023 ποι
412 2957 582 3044 βούληται,
600 2960 652 3026 ἐπὶ
668 2966 729 3025 τοῦ
739 2967 862 3026 λευκοῦ
874 2960 1010 3045 ζεύγους
1021 2988 1084 3029 του

136 3057 171 3118 ἐκ
182 3060 371 3140 Σικυῶνος,
389 3058 445 3122 καὶ
461 3069 547 3139 τρεῖς
563 3053 807 3142 ἀκολούθονςή
816 3062 969 3144 τέτταρας
982 3058 1085 3140 αὐτὸς

135 3155 219 3233 ἔχων
231 3151 284 3218 διά
296 3159 354 3238 τῆς
370 3150 494 3239 ἀγοράς
509 3163 616 3242 σοβεῖ,
635 3163 758 3242 κυμβία
776 3159 831 3224 καὶ
842 3157 925 3245 ῥυτά
935 3159 990 3224 καί
1001 3158 1085 3243 φιά-

136 3256 195 3326 λας
216 3247 388 3337 ὀνομάζων
409 3251 515 3331 οὕτως
534 3251 618 3320 όόστε
637 3249 715 3332 τούς
735 3254 914 3340 παριόντας
933 3252 1081 3324 ἀκούειν.
1093 3268 1128 3322 ὀᾶ

75 3352 127 3406 159
136 3343 198 3428 ἐγώ
212 3343 242 3412 δ’
255 3345 318 3415 ὅσα
328 3350 390 3434 μὲν
400 3359 459 3436 τῆς
470 3356 554 3428 ίδιάς
564 3359 692 3437 τρυφής
701 3354 945 3431 ἕνεκαΜειδίας
956 3355 1011 3420 καὶ
1022 3376 1085 3421 πε-

138 3451 286 3525 ριουσίας
307 3454 432 3531 κτᾶται,
455 3446 517 3515 οόκ
540 3447 603 3516 οἶδ’
623 3449 642 3517 ὅ
663 3477 694 3518 τι
714 3449 793 3530 τούς
815 3448 958 3528 πολλοὺς
981 3447 1084 3536 ὑμῶν
