2370 3854
155 213 219 276 394
347 216 469 272 XXXIV.
498 210 917 273 ΔΗΜΟΣΘΕΝΟΤΣ

114 394 144 450 17
224 373 294 441 Ἔτι
305 370 345 458 δ’,
353 365 381 438 εἷ
390 370 509 456 ἀνδρες
518 368 697 455 Ἀθηναιοι,
705 366 840 439 κάκεῖνο
850 375 1037 453 σκέψασθε·
1049 369 1118 440 αύ-

153 477 203 543 τολ
212 472 276 560 γὰρ
287 464 380 541 οῦτοι
392 467 617 555 παραγραφὴν
628 468 776 547 διδόντες
785 473 934 555 πέρυσιν,
946 468 1010 538 ούκ
1018 471 1119 542 ἐεόλ·

152 593 262 659 μησαν
273 573 310 640 ἐν
320 578 361 658 τῇ
372 576 576 654 παραγραφῇ
586 565 712 652 γράφαι
724 563 769 644 ῦς
779 564 1010 635 ἀποδεδώκασι
1016 568 1117 656 Λύμ-

153 670 427 756 πιδιτδχρυσίον.
450 674 509 735 καί
514 692 570 753 μοι
580 666 660 752 λαβὲ
668 664 1112 754 ταύτηντήνπαραγραφήν.

489 839 775 901 ΠΑΡΑΙῬΑΦῙΙ.

235 963 403 1045 Ἀκούετε,
427 956 454 1029 ὦ
471 962 591 1043 ἀνδρες
606 960 793 1047 Ἀθηναῖοι,
816 961 868 1031 ὅτι
886 960 1039 1048 οὐδαμοῦ
1055 965 1114 1048 γί-

151 1086 293 1151 γραπται
310 1065 347 1130 ἐν
363 1069 404 1147 τῇ
420 1068 624 1148 παραγραφῇ
642 1056 686 1138 ὡς
703 1057 893 1128 ἀποδέδωκε
909 1061 947 1128 τδ
969 1068 1113 1147 χρυσίον

153 1169 310 1250 Φορμίων
320 1161 484 1246 Λάμπιδι,
496 1162 551 1228 καὶ
561 1156 657 1227 ταῦτ’
669 1163 752 1244 ἐμοῦ
762 1159 951 1246 διαρρήδην
956 1159 1113 1245 γράψαν-

152 1289 206 1340 τος
223 1267 268 1340 είς
284 1259 321 1328 τὰ
340 1265 487 1345 ἔγκλημα
516 1255 536 1324 δ
562 1255 723 1344 ἠκούσατ’
737 1256 874 1342 ἀρτίως,
896 1254 947 1324 ὅτι
969 1256 1047 1326 οὔτε
1067 1257 1109 1326 τά

150 1356 289 1447 χρήματ’
312 1363 445 1426 ἔνθοιτο
463 1365 509 1436 είς
527 1355 590 1444 τὴν
607 1364 695 1425 ναῦν
712 1353 787 1424 οὔτ’
808 1354 958 1425 ἀπέδωκε
974 1354 1012 1425 τδ
1024 1381 1109 1442 γρυ-

151 1465 234 1526 σίον.
266 1464 340 1525 τίνα
356 1449 420 1524 οὖν
437 1454 540 1523 ἀλλον
555 1453 616 1542 χρὴ
635 1457 824 1540 περιμένειν
839 1453 926 1541 ὑμᾶς
942 1455 1108 1541 μάρτυρα,

153 1554 234 1624 ὅταν
244 1554 444 1641 τηλικαύτην
456 1561 641 1641 μαρτυρίαν
653 1553 726 1640 παρ’
739 1551 851 1622 αὐτῶν
860 1553 990 1623 τούτων
1000 1558 1109 1640 ἔγημας

108 1659 142 1714 18
235 1653 438 1738 Μελλούσης
448 1652 482 1720 δὲ
500 1660 558 1738 τῆς
575 1656 668 1737 δίκης
686 1654 822 1720 εἰσιέναι
838 1657 884 1730 είς
899 1649 936 1718 τό
951 1653 1110 1739 δικαστή-

151 1777 224 1838 ριον
235 1754 365 1818 ἐδέοντο
376 1747 472 1837 ἡμῶν
483 1753 651 1833 ἐπιτρέψαι
661 1757 739 1818 τινί·
759 1754 813 1818 καὶ
823 1747 916 1836 ἡμεῖς
926 1752 1109 1836 ἐπετρέψα-

152 1876 214 1933 μεν
226 1848 379 1936 Θεοδότῳ
399 1854 540 1915 ἰσοτελεῖ
555 1845 640 1914 κατὰ
657 1848 841 1934 συνθήκας.
874 1850 929 1915 καὶ
946 1846 1109 1935 δάάμπις

152 1946 234 2031 μετὰ
251 1955 355 2014 ταῦτα
372 1952 510 2030 νομίσας
528 1943 621 2034 αὑτῷ
631 1943 778 2031 ἀσφαλὲς
787 1944 851 2032 ἤδη
864 1944 948 2014 είναι
958 1944 1042 2033 πρδς
1054 1952 1109 2016 δι-

152 2052 267 2135 αιτητῇ
283 2059 464 2131 μαρτυρεῖν
480 2042 541 2112 ὅτι
552 2044 724 2132 βούλοιτο,
746 2047 965 2132 μεριούμενος
975 2044 1015 2113 τὰ
1025 2045 1165 2132 ἐμὸυῦλλ

153 2151 291 2233 χρυσίον
308 2144 389 2231 μετά
402 2151 597 2232 Φορμίωνος
613 2146 747 2212 τουτουὶ
762 2146 939 2231 ἐμαρτύρει
948 2143 1108 2212 τάναντία

109 2252 143 2306 19
153 2241 202 2323 οἷς
218 2242 382 2331 πρότερον
399 2244 530 2331 είρήκει.
562 2240 604 2310 οῦ
615 2240 680 2331 γάρ
692 2242 810 2330 ὅμοιόν
820 2247 925 2330 ἐστιν,
949 2237 1108 2330 ύάνδρες

149 2342 334 2430 Ἀθηναῖοι,
367 2349 413 2422 είς
434 2342 474 2412 τά
495 2341 636 2430 ύμέτερα
659 2344 821 2426 πρόσωπα
842 2346 1048 2431 ἐμβλέποντα
1067 2341 1108 2410 τά

152 2445 261 2526 ψευδῆ
280 2456 460 2526 μαρτυρεῖν
480 2445 536 2510 καί
558 2440 640 2524 πρὸς
661 2447 824 2530 διαιτητῇ·
844 2439 925 2526 παρ’
948 2441 1028 2528 ὑμῖν
1045 2440 1107 2529 μὲν

151 2538 215 2623 γὰρ
238 2541 293 2605 καὶ
315 2537 397 2627 ὀργὴ
419 2540 543 2626 μεγάλη
567 2541 621 2608 καὶ
639 2549 777 2627 τιμωρία
793 2539 965 2610 ὑπόκειται
980 2555 1048 2619 τοῖς
1064 2537 1105 2607 τά

152 2642 259 2724 ψευδῆ
278 2648 502 2725 μαρτυροῦσι,
523 2636 606 2724 πρὸς
623 2641 659 2707 δὲ
678 2647 726 2726 τῷ
747 2644 895 2726 διαιτητῇ
916 2637 1105 2714 ἀκινδύνως

151 2740 207 2803 καί
235 2735 460 2823 ἀναισχύντους
488 2746 718 2824 μαρτυροῦσιν
747 2736 819 2804 ὅτι
841 2733 885 2803 ἀν
906 2736 1102 2824 βούλωνται.

150 2833 418 2919 ἀγανακτοῦντος
439 2840 478 2902 δέ
497 2860 563 2921 μου
585 2840 640 2902 καλ
658 2836 915 2921 σχετλιάζοντος,
940 2827 1105 2919 ιάἀνδρες

106 2929 331 3020 ευἏθηναῑοι,
350 2935 403 3001 ἐπὶ
413 2942 454 3022 τῇ
464 2934 568 3022 τόλμη
579 2941 641 3002 τοῦ
650 2934 837 3018 Λάμπιδος,
856 2933 1107 3018 καίπαρεγομί·

150 3060 214 3102 νου
230 3030 313 3118 πρὸς
329 3030 390 3101 τδν
407 3033 576 3121 διαιτητὴν
586 3031 646 3121 τὴν
658 3030 764 3120 αὐτὴν
785 3037 975 3120 μαρτυρίαν
997 3029 1104 3119 ἥνπερ

152 3135 206 3199 καλ
226 3139 292 3198 νῦν
310 3133 393 3217 πρὸς
408 3130 495 3220 ὑμᾶς
505 3136 701 3220 παρέχομαι,
724 3141 792 3201 τῶν
805 3136 837 3213 ἐξ
847 3129 951 3219 ἀρχῆς
961 3136 1105 3215 προσελ·

154 3229 286 3297 δόντων
307 3228 398 3321 αὐτῷ
418 3230 496 3317 μεθ’
518 3231 630 3318 ἡμῶν,
652 3229 707 3299 ὅτε
728 3229 806 3298 οὔτε
825 3227 864 3296 τὸ
885 3233 1024 3316 χρυσίον
1039 3231 1105 3313 ἔφη

151 3321 368 3414 ἀπειληφέναι
384 3328 474 3414 παρὰ
490 3331 612 3398 τούτου
629 3328 706 3398 ούτε
722 3326 763 3395 τά
779 3325 918 3415 χρήματ’
931 3324 1105 3394 αύτὸνίν·

139 3425 270 3492 θέσθαι
281 3434 330 3507 είς
339 3428 401 3517 τὴν
411 3437 511 3512 ναῦν,
523 3425 659 3508 οὕτωςδ
670 3427 801 3512 Λάμπις
812 3423 896 3496 κατὰ
906 3424 1027 3504 κράτος
1036 3425 1106 3503 ίξε·
