<?xml version="1.0" encoding="UTF-8"?>
<!DOCTYPE html PUBLIC "-//W3C//DTD XHTML 1.0 Transitional//EN"
    "http://www.w3.org/TR/xhtml1/DTD/xhtml1-transitional.dtd">
<html xmlns="http://www.w3.org/1999/xhtml" xml:lang="en" lang="en">
 <head>
  <title>
</title>
<meta http-equiv="Content-Type" content="text/html;charset=utf-8" />
  <meta name='ocr-system' content='tesseract 3.04.00' />
  <meta name='ocr-capabilities' content='ocr_page ocr_carea ocr_par ocr_line ocrx_word'/>
</head>
<body>
  <div class='ocr_page' id='page_1' title='image "./orationesexrece01demogoog_0054.png"; bbox 0 0 2370 3854; ppageno 0'>
   <div class='ocr_carea' id='block_1_1' title="bbox 315 236 1140 301">
    <p class='ocr_par' dir='ltr' id='par_1_1' title="bbox 315 236 1140 301">
     <span class='ocr_line' id='line_1_1' title="bbox 315 236 1140 301; baseline 0.005 -3"><span class='ocrx_word' id='word_1_1' title='bbox 315 239 457 300; x_wconf 84' lang='grc' dir='ltr'><em>ΠΡΟΣ</em></span> <span class='ocrx_word' id='word_1_2' title='bbox 481 236 775 301; x_wconf 75' lang='grc' dir='ltr'><em>ΛΕΠΤΙΝΗΝ.</em></span> <span class='ocrx_word' id='word_1_3' title='bbox 984 237 1026 301; x_wconf 83' lang='grc'><strong><em>49</em></strong></span> <span class='ocrx_word' id='word_1_4' title='bbox 1137 270 1140 274; x_wconf 50' lang='lat'><strong>⁴</strong></span> 
     </span>
    </p>
   </div>
   <div class='ocr_carea' id='block_1_2' title="bbox 11 392 1108 3442">
    <p class='ocr_par' dir='ltr' id='par_1_2' title="bbox 11 392 1108 3442">
     <span class='ocr_line' id='line_1_2' title="bbox 72 392 1026 485; baseline 0 -19"><span class='ocrx_word' id='word_1_5' title='bbox 72 404 134 467; x_wconf 86' lang='grc' dir='ltr'><strong><em>τοῦ</em></strong></span> <span class='ocrx_word' id='word_1_6' title='bbox 147 401 282 485; x_wconf 81' lang='grc' dir='ltr'><strong><em>μηδαμῆ</em></strong></span> <span class='ocrx_word' id='word_1_7' title='bbox 293 400 375 483; x_wconf 81' lang='grc' dir='ltr'><strong><em>μηδὲ</em></strong></span> <span class='ocrx_word' id='word_1_8' title='bbox 390 392 465 464; x_wconf 90' lang='grc' dir='ltr'><strong><em>καθ’</em></strong></span> <span class='ocrx_word' id='word_1_9' title='bbox 479 398 517 463; x_wconf 78' lang='grc' dir='ltr'><strong><em>δν</em></strong></span> <span class='ocrx_word' id='word_1_10' title='bbox 534 403 653 464; x_wconf 83' lang='grc' dir='ltr'><strong><em>τοῦτον</em></strong></span> <span class='ocrx_word' id='word_1_11' title='bbox 669 401 755 481; x_wconf 82' lang='grc' dir='ltr'><strong><em>ἔχειν</em></strong></span> <span class='ocrx_word' id='word_1_12' title='bbox 771 407 878 477; x_wconf 75' lang='grc' dir='ltr'><strong><em>καλῶς</em></strong></span> <span class='ocrx_word' id='word_1_13' title='bbox 895 397 954 467; x_wconf 86' lang='grc' dir='ltr'><strong><em>τόν</em></strong></span> <span class='ocrx_word' id='word_1_14' title='bbox 968 398 1026 466; x_wconf 91' lang='grc' dir='ltr'><strong><em>νό-</em></strong></span> 
     </span>
     <span class='ocr_line' id='line_1_3' title="bbox 73 489 1023 586; baseline 0.003 -23"><span class='ocrx_word' id='word_1_15' title='bbox 73 522 138 583; x_wconf 86' lang='grc' dir='ltr'><strong><em>μον</em></strong></span> <span class='ocrx_word' id='word_1_16' title='bbox 149 494 230 580; x_wconf 77' lang='grc' dir='ltr'><strong><em>μηδδ</em></strong></span> <span class='ocrx_word' id='word_1_17' title='bbox 242 499 426 580; x_wconf 82' lang='grc' dir='ltr'><strong><em>συμφέρειν</em></strong></span> <span class='ocrx_word' id='word_1_18' title='bbox 437 489 532 580; x_wconf 78' lang='grc' dir='ltr'><strong><em>ύμῖν·</em></strong></span> <span class='ocrx_word' id='word_1_19' title='bbox 559 490 628 562; x_wconf 87' lang='grc' dir='ltr'><strong><em>ἀλλ’</em></strong></span> <span class='ocrx_word' id='word_1_20' title='bbox 640 491 681 563; x_wconf 79' lang='grc' dir='ltr'><strong><em>ἵν’</em></strong></span> <span class='ocrx_word' id='word_1_21' title='bbox 694 498 730 563; x_wconf 78' lang='grc' dir='ltr'><strong><em>ἐν</em></strong></span> <span class='ocrx_word' id='word_1_22' title='bbox 747 503 916 586; x_wconf 76' lang='grc' dir='ltr'><strong><em>κεφαλαίῳ</em></strong></span> <span class='ocrx_word' id='word_1_23' title='bbox 926 507 1023 566; x_wconf 83' lang='grc' dir='ltr'><strong><em>τοῦτο</em></strong></span> 
     </span>
     <span class='ocr_line' id='line_1_4' title="bbox 72 591 1025 681; baseline 0.005 -21"><span class='ocrx_word' id='word_1_24' title='bbox 72 592 202 680; x_wconf 90' lang='grc' dir='ltr'><strong><em>μάθητε</em></strong></span> <span class='ocrx_word' id='word_1_25' title='bbox 213 591 305 678; x_wconf 79' lang='grc' dir='ltr'><strong><em>κάγά</em></strong></span> <span class='ocrx_word' id='word_1_26' title='bbox 317 592 496 677; x_wconf 89' lang='grc' dir='ltr'><strong><em>παύσωμαι</em></strong></span> <span class='ocrx_word' id='word_1_27' title='bbox 507 597 630 678; x_wconf 82' lang='grc' dir='ltr'><strong><em>λέγων,</em></strong></span> <span class='ocrx_word' id='word_1_28' title='bbox 654 591 731 660; x_wconf 90' lang='grc' dir='ltr'><strong><em>τάδε</em></strong></span> <span class='ocrx_word' id='word_1_29' title='bbox 742 594 914 681; x_wconf 82' lang='grc' dir='ltr'><strong><em>ποιήσατε·</em></strong></span> <span class='ocrx_word' id='word_1_30' title='bbox 948 599 1025 665; x_wconf 79' lang='grc' dir='ltr'><strong><em>σκό-</em></strong></span> 
     </span>
     <span class='ocr_line' id='line_1_5' title="bbox 72 688 1025 779; baseline 0.003 -22"><span class='ocrx_word' id='word_1_31' title='bbox 72 700 185 772; x_wconf 84' lang='grc' dir='ltr'><strong><em>ψασθε</em></strong></span> <span class='ocrx_word' id='word_1_32' title='bbox 196 688 269 774; x_wconf 92' lang='grc' dir='ltr'><strong><em>παρ’</em></strong></span> <span class='ocrx_word' id='word_1_33' title='bbox 283 689 409 777; x_wconf 88' lang='grc' dir='ltr'><strong><em>άλληλα</em></strong></span> <span class='ocrx_word' id='word_1_34' title='bbox 431 691 486 758; x_wconf 79' lang='grc' dir='ltr'><strong><em>καί</em></strong></span> <span class='ocrx_word' id='word_1_35' title='bbox 507 697 689 776; x_wconf 80' lang='grc' dir='ltr'><strong><em>λογίσασθε</em></strong></span> <span class='ocrx_word' id='word_1_36' title='bbox 705 689 789 779; x_wconf 81' lang='grc' dir='ltr'><strong><em>πρὸς</em></strong></span> <span class='ocrx_word' id='word_1_37' title='bbox 805 691 892 779; x_wconf 79' lang='grc' dir='ltr'><strong><em>ὑμᾶς</em></strong></span> <span class='ocrx_word' id='word_1_38' title='bbox 903 692 1025 774; x_wconf 77' lang='grc' dir='ltr'><strong><em>αύτούς</em></strong></span> 
     </span>
     <span class='ocr_line' id='line_1_6' title="bbox 72 787 1025 879; baseline 0.001 -22"><span class='ocrx_word' id='word_1_39' title='bbox 72 796 107 857; x_wconf 91' lang='grc' dir='ltr'><strong><em>τί</em></strong></span> <span class='ocrx_word' id='word_1_40' title='bbox 122 789 325 876; x_wconf 79' lang='grc' dir='ltr'><strong><em>συμβήσεται</em></strong></span> <span class='ocrx_word' id='word_1_41' title='bbox 342 794 667 875; x_wconf 78' lang='grc' dir='ltr'><strong><em>καταψηφισαμένοις</em></strong></span> <span class='ocrx_word' id='word_1_42' title='bbox 684 787 765 876; x_wconf 77' lang='grc' dir='ltr'><strong><em>ὑμῖν</em></strong></span> <span class='ocrx_word' id='word_1_43' title='bbox 779 801 841 860; x_wconf 86' lang='grc' dir='ltr'><strong><em>τοῦ</em></strong></span> <span class='ocrx_word' id='word_1_44' title='bbox 852 793 959 879; x_wconf 88' lang='grc' dir='ltr'><strong><em>νόμου</em></strong></span> <span class='ocrx_word' id='word_1_45' title='bbox 969 794 1025 859; x_wconf 79' lang='grc' dir='ltr'><strong><em>καὶ</em></strong></span> 
     </span>
     <span class='ocr_line' id='line_1_7' title="bbox 69 884 1025 976; baseline 0.003 -20"><span class='ocrx_word' id='word_1_46' title='bbox 69 896 104 958; x_wconf 92' lang='grc' dir='ltr'><strong><em>τί</em></strong></span> <span class='ocrx_word' id='word_1_47' title='bbox 111 886 156 975; x_wconf 85' lang='grc' dir='ltr'><strong><em>μή</em></strong></span> <span class='ocrx_word' id='word_1_48' title='bbox 165 912 173 926; x_wconf 88' lang='grc'><em>·</em></span> <span class='ocrx_word' id='word_1_49' title='bbox 197 887 264 955; x_wconf 75' lang='grc' dir='ltr'><strong><em>εἶτα</em></strong></span> <span class='ocrx_word' id='word_1_50' title='bbox 276 889 456 973; x_wconf 76' lang='grc' dir='ltr'><strong><em>φυλάττετε</em></strong></span> <span class='ocrx_word' id='word_1_51' title='bbox 468 889 523 955; x_wconf 82' lang='grc' dir='ltr'><strong><em>καὶ</em></strong></span> <span class='ocrx_word' id='word_1_52' title='bbox 533 889 705 975; x_wconf 82' lang='grc' dir='ltr'><strong><em>μέμνησθε</em></strong></span> <span class='ocrx_word' id='word_1_53' title='bbox 728 884 743 912; x_wconf 84' lang='grc'>“</span> <span class='ocrx_word' id='word_1_54' title='bbox 760 885 803 958; x_wconf 87' lang='grc' dir='ltr'><strong><em>ἀν</em></strong></span> <span class='ocrx_word' id='word_1_55' title='bbox 813 887 893 976; x_wconf 79' lang='grc' dir='ltr'><strong><em>ὑμῖν</em></strong></span> <span class='ocrx_word' id='word_1_56' title='bbox 903 894 936 972; x_wconf 83' lang='grc' dir='ltr'><strong><em>ἐξ</em></strong></span> <span class='ocrx_word' id='word_1_57' title='bbox 947 893 1025 961; x_wconf 84' lang='grc' dir='ltr'><strong><em>ἑκα-</em></strong></span> 
     </span>
     <span class='ocr_line' id='line_1_8' title="bbox 13 982 1025 1076; baseline 0.005 -22"><span class='ocrx_word' id='word_1_58' title='bbox 13 999 63 1055; x_wconf 80' lang='grc'><strong><em>164</em></strong></span> <span class='ocrx_word' id='word_1_59' title='bbox 71 987 169 1070; x_wconf 82' lang='grc' dir='ltr'><strong><em>τέρου</em></strong></span> <span class='ocrx_word' id='word_1_60' title='bbox 181 994 283 1074; x_wconf 80' lang='grc' dir='ltr'><strong><em>φανῇ,</em></strong></span> <span class='ocrx_word' id='word_1_61' title='bbox 295 982 336 1054; x_wconf 78' lang='grc' dir='ltr'><strong><em>ἵν’</em></strong></span> <span class='ocrx_word' id='word_1_62' title='bbox 347 988 469 1072; x_wconf 75' lang='grc' dir='ltr'><strong><em>ἕλησθε</em></strong></span> <span class='ocrx_word' id='word_1_63' title='bbox 479 989 520 1054; x_wconf 87' lang='grc' dir='ltr'><strong><em>τά</em></strong></span> <span class='ocrx_word' id='word_1_64' title='bbox 532 993 677 1074; x_wconf 91' lang='grc' dir='ltr'><strong><em>κρείττω.</em></strong></span> <span class='ocrx_word' id='word_1_65' title='bbox 711 985 754 1057; x_wconf 85' lang='grc' dir='ltr'><strong><em>ἀν</em></strong></span> <span class='ocrx_word' id='word_1_66' title='bbox 766 989 827 1076; x_wconf 73' lang='grc' dir='ltr'><strong><em>μὲν</em></strong></span> <span class='ocrx_word' id='word_1_67' title='bbox 837 996 953 1059; x_wconf 80' lang='grc' dir='ltr'><strong><em>τοίνυν</em></strong></span> <span class='ocrx_word' id='word_1_68' title='bbox 963 1018 1025 1059; x_wconf 89' lang='grc' dir='ltr'><strong><em>κα-</em></strong></span> 
     </span>
     <span class='ocr_line' id='line_1_9' title="bbox 71 1082 1024 1173; baseline 0.003 -21"><span class='ocrx_word' id='word_1_69' title='bbox 71 1090 321 1170; x_wconf 78' lang='grc' dir='ltr'><strong><em>ταψηφίσησθε,</em></strong></span> <span class='ocrx_word' id='word_1_70' title='bbox 346 1083 457 1171; x_wconf 71' lang='grc' dir='ltr'><strong><em>ὥσπερ</em></strong></span> <span class='ocrx_word' id='word_1_71' title='bbox 473 1082 565 1171; x_wconf 79' lang='grc' dir='ltr'><strong><em>ἡμεῖς</em></strong></span> <span class='ocrx_word' id='word_1_72' title='bbox 582 1085 779 1172; x_wconf 81' lang='grc' dir='ltr'><strong><em>κελεύομεν,</em></strong></span> <span class='ocrx_word' id='word_1_73' title='bbox 804 1093 838 1155; x_wconf 88' lang='grc' dir='ltr'><strong><em>οί</em></strong></span> <span class='ocrx_word' id='word_1_74' title='bbox 856 1087 917 1173; x_wconf 69' lang='grc' dir='ltr'><strong><em>μὲν</em></strong></span> <span class='ocrx_word' id='word_1_75' title='bbox 939 1087 1024 1168; x_wconf 83' lang='grc' dir='ltr'><strong><em>ἀξιοι</em></strong></span> 
     </span>
     <span class='ocr_line' id='line_1_10' title="bbox 70 1180 1024 1273; baseline 0.005 -23"><span class='ocrx_word' id='word_1_76' title='bbox 70 1180 144 1269; x_wconf 88' lang='grc' dir='ltr'><strong><em>παρ’</em></strong></span> <span class='ocrx_word' id='word_1_77' title='bbox 157 1182 254 1270; x_wconf 74' lang='grc' dir='ltr'><strong><em>ὑμῶν</em></strong></span> <span class='ocrx_word' id='word_1_78' title='bbox 265 1181 304 1252; x_wconf 89' lang='grc' dir='ltr'><strong><em>τά</em></strong></span> <span class='ocrx_word' id='word_1_79' title='bbox 317 1189 427 1252; x_wconf 89' lang='grc' dir='ltr'><strong><em>δίκαια</em></strong></span> <span class='ocrx_word' id='word_1_80' title='bbox 437 1186 587 1271; x_wconf 73' lang='grc' dir='ltr'><strong><em>ἕξουσιν,</em></strong></span> <span class='ocrx_word' id='word_1_81' title='bbox 601 1191 632 1253; x_wconf 88' lang='grc' dir='ltr'><strong><em>εί</em></strong></span> <span class='ocrx_word' id='word_1_82' title='bbox 641 1185 680 1252; x_wconf 81' lang='grc' dir='ltr'><strong><em>δέ</em></strong></span> <span class='ocrx_word' id='word_1_83' title='bbox 687 1211 736 1264; x_wconf 93' lang='grc' dir='ltr'><strong><em>τις</em></strong></span> <span class='ocrx_word' id='word_1_84' title='bbox 746 1182 814 1252; x_wconf 81' lang='grc' dir='ltr'><strong><em>ἔστ’</em></strong></span> <span class='ocrx_word' id='word_1_85' title='bbox 824 1185 965 1273; x_wconf 85' lang='grc' dir='ltr'><strong><em>ἀνάξιος,</em></strong></span> <span class='ocrx_word' id='word_1_86' title='bbox 980 1186 1024 1267; x_wconf 80' lang='grc' dir='ltr'><strong><em>ἀς</em></strong></span> 
     </span>
     <span class='ocr_line' id='line_1_11' title="bbox 71 1279 1024 1373; baseline 0.003 -24"><span class='ocrx_word' id='word_1_87' title='bbox 71 1286 170 1367; x_wconf 83' lang='grc' dir='ltr'><strong><em>ἔστω,</em></strong></span> <span class='ocrx_word' id='word_1_88' title='bbox 194 1281 277 1368; x_wconf 82' lang='grc' dir='ltr'><strong><em>πρὸς</em></strong></span> <span class='ocrx_word' id='word_1_89' title='bbox 294 1291 340 1373; x_wconf 78' lang='grc' dir='ltr'><strong><em>τῷ</em></strong></span> <span class='ocrx_word' id='word_1_90' title='bbox 356 1280 419 1368; x_wconf 82' lang='grc' dir='ltr'><strong><em>τὴν</em></strong></span> <span class='ocrx_word' id='word_1_91' title='bbox 437 1279 567 1364; x_wconf 86' lang='grc' dir='ltr'><strong><em>δωρεάν</em></strong></span> <span class='ocrx_word' id='word_1_92' title='bbox 585 1281 811 1370; x_wconf 72' lang='grc' dir='ltr'><strong><em>ἀφαιρεθῆναι</em></strong></span> <span class='ocrx_word' id='word_1_93' title='bbox 822 1287 919 1370; x_wconf 90' lang='grc' dir='ltr'><strong><em>δίκην</em></strong></span> <span class='ocrx_word' id='word_1_94' title='bbox 928 1280 1024 1370; x_wconf 80' lang='grc' dir='ltr'><strong><em>ἢνάν</em></strong></span> 
     </span>
     <span class='ocr_line' id='line_1_12' title="bbox 70 1377 1022 1468; baseline 0.004 -21"><span class='ocrx_word' id='word_1_95' title='bbox 70 1377 152 1466; x_wconf 84' lang='grc' dir='ltr'><strong><em>ύμίν</em></strong></span> <span class='ocrx_word' id='word_1_96' title='bbox 163 1385 245 1467; x_wconf 81' lang='grc' dir='ltr'><strong><em>δοκῇ</em></strong></span> <span class='ocrx_word' id='word_1_97' title='bbox 262 1378 454 1448; x_wconf 81' lang='grc' dir='ltr'><strong><em>δάσεικατά</em></strong></span> <span class='ocrx_word' id='word_1_98' title='bbox 471 1378 532 1446; x_wconf 84' lang='grc' dir='ltr'><strong><em>τόν</em></strong></span> <span class='ocrx_word' id='word_1_99' title='bbox 545 1384 885 1467; x_wconf 76' lang='grc' dir='ltr'><strong><em>παρεισενηνεγμένον</em></strong></span> <span class='ocrx_word' id='word_1_100' title='bbox 902 1382 1022 1468; x_wconf 89' lang='grc' dir='ltr'><strong><em>νόμον·</em></strong></span> 
     </span>
     <span class='ocr_line' id='line_1_13' title="bbox 69 1471 1024 1567; baseline 0.002 -22"><span class='ocrx_word' id='word_1_101' title='bbox 69 1476 91 1565; x_wconf 77' lang='grc' dir='ltr'><em>ἡ</em></span> <span class='ocrx_word' id='word_1_102' title='bbox 104 1479 140 1547; x_wconf 74' lang='grc' dir='ltr'><strong><em>δὲ</em></strong></span> <span class='ocrx_word' id='word_1_103' title='bbox 151 1480 246 1557; x_wconf 83' lang='grc' dir='ltr'><strong><em>πόλις</em></strong></span> <span class='ocrx_word' id='word_1_104' title='bbox 254 1475 363 1565; x_wconf 74' lang='grc' dir='ltr'><strong><em>πιστὴ,</em></strong></span> <span class='ocrx_word' id='word_1_105' title='bbox 373 1483 492 1561; x_wconf 88' lang='grc' dir='ltr'><strong><em>δικαία,</em></strong></span> <span class='ocrx_word' id='word_1_106' title='bbox 500 1471 583 1559; x_wconf 85' lang='grc' dir='ltr'><strong><em>πρὸς</em></strong></span> <span class='ocrx_word' id='word_1_107' title='bbox 593 1477 741 1557; x_wconf 74' lang='grc' dir='ltr'><strong><em>ἅπαντας</em></strong></span> <span class='ocrx_word' id='word_1_108' title='bbox 752 1476 899 1566; x_wconf 78' lang='grc' dir='ltr'><strong><em>ἀψευδὴς</em></strong></span> <span class='ocrx_word' id='word_1_109' title='bbox 913 1479 1024 1567; x_wconf 80' lang='grc' dir='ltr'><strong><em>φανη-</em></strong></span> 
     </span>
     <span class='ocr_line' id='line_1_14' title="bbox 72 1571 1108 1664; baseline 0.002 -20"><span class='ocrx_word' id='word_1_110' title='bbox 72 1599 171 1644; x_wconf 87' lang='grc' dir='ltr'><strong><em>σεται.</em></strong></span> <span class='ocrx_word' id='word_1_111' title='bbox 206 1576 265 1643; x_wconf 82' lang='grc' dir='ltr'><strong><em>ἐὰν</em></strong></span> <span class='ocrx_word' id='word_1_112' title='bbox 282 1574 313 1643; x_wconf 89' lang='grc' dir='ltr'><strong><em>δ’</em></strong></span> <span class='ocrx_word' id='word_1_113' title='bbox 328 1574 608 1662; x_wconf 84' lang='grc' dir='ltr'><strong><em>ἀποψηφίσησθε,</em></strong></span> <span class='ocrx_word' id='word_1_114' title='bbox 630 1571 709 1663; x_wconf 78' lang='grc' dir='ltr'><strong><em>δμὴ</em></strong></span> <span class='ocrx_word' id='word_1_115' title='bbox 722 1577 896 1664; x_wconf 77' lang='grc' dir='ltr'><strong><em>ποιήσητε,</em></strong></span> <span class='ocrx_word' id='word_1_116' title='bbox 919 1577 1023 1664; x_wconf 73' lang='grc' dir='ltr'><strong><em>οίμδν</em></strong></span> <span class='ocrx_word' id='word_1_117' title='bbox 1105 1594 1108 1600; x_wconf 89' lang='grc'><strong>’</strong></span> 
     </span>
     <span class='ocr_line' id='line_1_15' title="bbox 69 1671 1023 1762; baseline 0.001 -20"><span class='ocrx_word' id='word_1_118' title='bbox 69 1676 206 1761; x_wconf 82' lang='grc' dir='ltr'><strong><em>χρηστοὶ</em></strong></span> <span class='ocrx_word' id='word_1_119' title='bbox 219 1672 272 1742; x_wconf 86' lang='grc' dir='ltr'><strong><em>διά</em></strong></span> <span class='ocrx_word' id='word_1_120' title='bbox 295 1674 375 1754; x_wconf 84' lang='grc' dir='ltr'><strong><em>τούς</em></strong></span> <span class='ocrx_word' id='word_1_121' title='bbox 386 1673 537 1761; x_wconf 87' lang='grc' dir='ltr'><strong><em>φαύλους</em></strong></span> <span class='ocrx_word' id='word_1_122' title='bbox 557 1671 788 1762; x_wconf 79' lang='grc' dir='ltr'><strong><em>ἀδικήσονται,</em></strong></span> <span class='ocrx_word' id='word_1_123' title='bbox 808 1679 843 1743; x_wconf 87' lang='grc' dir='ltr'><strong><em>οί</em></strong></span> <span class='ocrx_word' id='word_1_124' title='bbox 852 1673 883 1745; x_wconf 90' lang='grc' dir='ltr'><strong><em>δ’</em></strong></span> <span class='ocrx_word' id='word_1_125' title='bbox 894 1675 1023 1757; x_wconf 87' lang='grc' dir='ltr'><strong><em>ἀνάξιοι</em></strong></span> 
     </span>
     <span class='ocr_line' id='line_1_16' title="bbox 71 1772 1022 1861; baseline 0.002 -21"><span class='ocrx_word' id='word_1_126' title='bbox 71 1780 247 1860; x_wconf 84' lang='grc' dir='ltr'><strong><em>συμφοράς</em></strong></span> <span class='ocrx_word' id='word_1_127' title='bbox 257 1774 378 1859; x_wconf 82' lang='grc' dir='ltr'><strong><em>ἑτέροις</em></strong></span> <span class='ocrx_word' id='word_1_128' title='bbox 389 1782 488 1841; x_wconf 77' lang='grc' dir='ltr'><strong><em>αἴτιοι</em></strong></span> <span class='ocrx_word' id='word_1_129' title='bbox 500 1773 707 1860; x_wconf 87' lang='grc' dir='ltr'><strong><em>γενήσονται,</em></strong></span> <span class='ocrx_word' id='word_1_130' title='bbox 719 1778 815 1859; x_wconf 89' lang='grc' dir='ltr'><strong><em>δίκην</em></strong></span> <span class='ocrx_word' id='word_1_131' title='bbox 826 1772 859 1840; x_wconf 89' lang='grc' dir='ltr'><strong><em>δ’</em></strong></span> <span class='ocrx_word' id='word_1_132' title='bbox 872 1772 947 1842; x_wconf 82' lang='grc' dir='ltr'><strong><em>οὐδ’</em></strong></span> <span class='ocrx_word' id='word_1_133' title='bbox 958 1772 1022 1861; x_wconf 77' lang='grc' dir='ltr'><strong><em>ἡν-</em></strong></span> 
     </span>
     <span class='ocr_line' id='line_1_17' title="bbox 70 1865 1021 1958; baseline 0.003 -20"><span class='ocrx_word' id='word_1_134' title='bbox 70 1880 187 1939; x_wconf 85' lang='grc' dir='ltr'><strong><em>τινοῦν</em></strong></span> <span class='ocrx_word' id='word_1_135' title='bbox 200 1869 294 1939; x_wconf 75' lang='grc' dir='ltr'><strong><em>αὐτοὶ</em></strong></span> <span class='ocrx_word' id='word_1_136' title='bbox 306 1871 491 1956; x_wconf 80' lang='grc' dir='ltr'><strong><em>δεόσουσιυ,</em></strong></span> <span class='ocrx_word' id='word_1_137' title='bbox 510 1868 530 1958; x_wconf 80' lang='grc' dir='ltr'><strong><em>ἡ</em></strong></span> <span class='ocrx_word' id='word_1_138' title='bbox 544 1872 579 1940; x_wconf 72' lang='grc' dir='ltr'><strong><em>δὲ</em></strong></span> <span class='ocrx_word' id='word_1_139' title='bbox 591 1871 687 1952; x_wconf 85' lang='grc' dir='ltr'><strong><em>πόλις</em></strong></span> <span class='ocrx_word' id='word_1_140' title='bbox 696 1868 855 1940; x_wconf 91' lang='grc' dir='ltr'><strong><em>τάναντία</em></strong></span> <span class='ocrx_word' id='word_1_141' title='bbox 865 1865 916 1941; x_wconf 81' lang='grc' dir='ltr'><strong><em>άν</em></strong></span> <span class='ocrx_word' id='word_1_142' title='bbox 928 1871 1021 1942; x_wconf 81' lang='grc' dir='ltr'><strong><em>εἷπον</em></strong></span> 
     </span>
     <span class='ocr_line' id='line_1_18' title="bbox 71 1968 1022 2056; baseline 0.003 -20"><span class='ocrx_word' id='word_1_143' title='bbox 71 1968 207 2056; x_wconf 86' lang='grc' dir='ltr'><strong><em>ἀρτίως,</em></strong></span> <span class='ocrx_word' id='word_1_144' title='bbox 230 1969 318 2049; x_wconf 81' lang='grc' dir='ltr'><strong><em>δόξει</em></strong></span> <span class='ocrx_word' id='word_1_145' title='bbox 329 1968 482 2055; x_wconf 86' lang='grc' dir='ltr'><strong><em>άπιστος,</em></strong></span> <span class='ocrx_word' id='word_1_146' title='bbox 506 1969 676 2056; x_wconf 87' lang='grc' dir='ltr'><strong><em>φθονερά,</em></strong></span> <span class='ocrx_word' id='word_1_147' title='bbox 697 1970 809 2055; x_wconf 89' lang='grc' dir='ltr'><strong><em>φαύλη</em></strong></span> <span class='ocrx_word' id='word_1_148' title='bbox 819 1969 907 2056; x_wconf 87' lang='grc' dir='ltr'><strong><em>παρά</em></strong></span> <span class='ocrx_word' id='word_1_149' title='bbox 920 1981 1022 2039; x_wconf 77' lang='grc' dir='ltr'><strong><em>πόσιν</em></strong></span> 
     </span>
     <span class='ocr_line' id='line_1_19' title="bbox 11 2061 1022 2156; baseline -0.003 -16"><span class='ocrx_word' id='word_1_150' title='bbox 11 2086 62 2140; x_wconf 78' lang='lat'><strong><em>165</em></strong></span> <span class='ocrx_word' id='word_1_151' title='bbox 72 2067 165 2136; x_wconf 79' lang='grc' dir='ltr'><strong><em>εἶναι.</em></strong></span> <span class='ocrx_word' id='word_1_152' title='bbox 199 2068 328 2137; x_wconf 90' lang='grc' dir='ltr'><strong><em>ούκουν</em></strong></span> <span class='ocrx_word' id='word_1_153' title='bbox 339 2068 450 2152; x_wconf 83' lang='grc' dir='ltr'><strong><em>ἀξιον,</em></strong></span> <span class='ocrx_word' id='word_1_154' title='bbox 475 2061 833 2154; x_wconf 79' lang='grc' dir='ltr'><strong><em>άάνδρεςἈθηναίοι,</em></strong></span> <span class='ocrx_word' id='word_1_155' title='bbox 854 2071 1022 2156; x_wconf 83' lang='grc' dir='ltr'><strong><em>τοσαύτην</em></strong></span> 
     </span>
     <span class='ocr_line' id='line_1_20' title="bbox 70 2161 1022 2253; baseline 0 -19"><span class='ocrx_word' id='word_1_156' title='bbox 70 2174 284 2253; x_wconf 85' lang='grc' dir='ltr'><strong><em>βλασφημίαν</em></strong></span> <span class='ocrx_word' id='word_1_157' title='bbox 301 2165 376 2235; x_wconf 79' lang='grc' dir='ltr'><strong><em>ἀντὶ</em></strong></span> <span class='ocrx_word' id='word_1_158' title='bbox 392 2174 505 2234; x_wconf 81' lang='grc' dir='ltr'><strong><em>καλῶν</em></strong></span> <span class='ocrx_word' id='word_1_159' title='bbox 516 2167 571 2233; x_wconf 80' lang='grc' dir='ltr'><strong><em>καί</em></strong></span> <span class='ocrx_word' id='word_1_160' title='bbox 590 2165 828 2251; x_wconf 86' lang='grc' dir='ltr'><strong><em>προσηκόντων</em></strong></span> <span class='ocrx_word' id='word_1_161' title='bbox 846 2161 926 2249; x_wconf 81' lang='grc' dir='ltr'><strong><em>ύμῖν</em></strong></span> <span class='ocrx_word' id='word_1_162' title='bbox 938 2165 1022 2252; x_wconf 89' lang='grc' dir='ltr'><strong><em>ἀγα-</em></strong></span> 
     </span>
     <span class='ocr_line' id='line_1_21' title="bbox 70 2261 1022 2348; baseline -0.003 -16"><span class='ocrx_word' id='word_1_163' title='bbox 70 2274 146 2332; x_wconf 70' lang='grc' dir='ltr'><strong><em>θοῖν</em></strong></span> <span class='ocrx_word' id='word_1_164' title='bbox 158 2269 301 2334; x_wconf 80' lang='grc' dir='ltr'><strong><em>ἑλέσθαι.</em></strong></span> <span class='ocrx_word' id='word_1_165' title='bbox 335 2265 390 2331; x_wconf 83' lang='grc' dir='ltr'><strong><em>καί</em></strong></span> <span class='ocrx_word' id='word_1_166' title='bbox 407 2264 471 2347; x_wconf 86' lang='grc' dir='ltr'><strong><em>γάρ</em></strong></span> <span class='ocrx_word' id='word_1_167' title='bbox 484 2264 621 2340; x_wconf 79' lang='grc' dir='ltr'><strong><em>ἕκαστος</em></strong></span> <span class='ocrx_word' id='word_1_168' title='bbox 637 2261 733 2346; x_wconf 77' lang='grc' dir='ltr'><strong><em>ὑμῶν</em></strong></span> <span class='ocrx_word' id='word_1_169' title='bbox 745 2266 812 2348; x_wconf 85' lang='grc' dir='ltr'><strong><em>ίδίηι</em></strong></span> <span class='ocrx_word' id='word_1_170' title='bbox 823 2265 953 2344; x_wconf 84' lang='grc' dir='ltr'><strong><em>μεθέξει</em></strong></span> <span class='ocrx_word' id='word_1_171' title='bbox 963 2271 1022 2347; x_wconf 80' lang='grc' dir='ltr'><strong><em>της</em></strong></span> 
     </span>
     <span class='ocr_line' id='line_1_22' title="bbox 71 2355 1018 2447; baseline -0.003 -18"><span class='ocrx_word' id='word_1_172' title='bbox 71 2362 169 2447; x_wconf 85' lang='grc' dir='ltr'><strong><em>δόξης</em></strong></span> <span class='ocrx_word' id='word_1_173' title='bbox 185 2370 253 2428; x_wconf 74' lang='grc' dir='ltr'><strong><em>τῶν</em></strong></span> <span class='ocrx_word' id='word_1_174' title='bbox 270 2369 369 2447; x_wconf 78' lang='grc' dir='ltr'><strong><em>κοινῇ</em></strong></span> <span class='ocrx_word' id='word_1_175' title='bbox 387 2364 618 2447; x_wconf 79' lang='grc' dir='ltr'><strong><em>γνωσθέντων.</em></strong></span> <span class='ocrx_word' id='word_1_176' title='bbox 659 2357 700 2425; x_wconf 88' lang='grc' dir='ltr'><strong><em>ού</em></strong></span> <span class='ocrx_word' id='word_1_177' title='bbox 717 2359 781 2445; x_wconf 85' lang='grc' dir='ltr'><strong><em>γάρ</em></strong></span> <span class='ocrx_word' id='word_1_178' title='bbox 797 2355 912 2443; x_wconf 71' lang='grc' dir='ltr'><strong><em>ἀγνοεῖ</em></strong></span> <span class='ocrx_word' id='word_1_179' title='bbox 926 2358 1018 2427; x_wconf 84' lang='grc' dir='ltr'><strong><em>τοῦτ’</em></strong></span> 
     </span>
     <span class='ocr_line' id='line_1_23' title="bbox 71 2455 1021 2546; baseline 0 -19"><span class='ocrx_word' id='word_1_180' title='bbox 71 2457 179 2537; x_wconf 78' lang='grc' dir='ltr'><strong><em>οὐδεὶς</em></strong></span> <span class='ocrx_word' id='word_1_181' title='bbox 199 2455 276 2525; x_wconf 84' lang='grc' dir='ltr'><strong><em>ούτε</em></strong></span> <span class='ocrx_word' id='word_1_182' title='bbox 292 2465 360 2525; x_wconf 78' lang='grc' dir='ltr'><strong><em>τείν</em></strong></span> <span class='ocrx_word' id='word_1_183' title='bbox 370 2457 632 2543; x_wconf 89' lang='grc' dir='ltr'><strong><em>περιεστηκότων</em></strong></span> <span class='ocrx_word' id='word_1_184' title='bbox 649 2455 726 2525; x_wconf 84' lang='grc' dir='ltr'><strong><em>ούτε</em></strong></span> <span class='ocrx_word' id='word_1_185' title='bbox 739 2463 809 2524; x_wconf 83' lang='grc' dir='ltr'><strong><em>τῶν</em></strong></span> <span class='ocrx_word' id='word_1_186' title='bbox 820 2455 947 2546; x_wconf 86' lang='grc' dir='ltr'><strong><em>ἀλλων,</em></strong></span> <span class='ocrx_word' id='word_1_187' title='bbox 970 2458 1021 2527; x_wconf 85' lang='grc' dir='ltr'><strong><em>ὅτι</em></strong></span> 
     </span>
     <span class='ocr_line' id='line_1_24' title="bbox 70 2552 1018 2648; baseline -0.003 -20"><span class='ocrx_word' id='word_1_188' title='bbox 70 2562 108 2629; x_wconf 77' lang='grc' dir='ltr'><strong><em>ἐν</em></strong></span> <span class='ocrx_word' id='word_1_189' title='bbox 118 2558 179 2645; x_wconf 75' lang='grc' dir='ltr'><strong><em>μὲν</em></strong></span> <span class='ocrx_word' id='word_1_190' title='bbox 190 2566 238 2648; x_wconf 73' lang='grc' dir='ltr'><strong><em>τῷ</em></strong></span> <span class='ocrx_word' id='word_1_191' title='bbox 249 2562 447 2646; x_wconf 77' lang='grc' dir='ltr'><strong><em>δικαστηρίῳ</em></strong></span> <span class='ocrx_word' id='word_1_192' title='bbox 456 2561 618 2642; x_wconf 87' lang='grc' dir='ltr'><strong><em>Λεπτίνης</em></strong></span> <span class='ocrx_word' id='word_1_193' title='bbox 628 2552 712 2642; x_wconf 85' lang='grc' dir='ltr'><strong><em>πρός</em></strong></span> <span class='ocrx_word' id='word_1_194' title='bbox 721 2553 807 2640; x_wconf 78' lang='grc' dir='ltr'><strong><em>ἡμᾶς</em></strong></span> <span class='ocrx_word' id='word_1_195' title='bbox 817 2553 1018 2645; x_wconf 77' lang='grc' dir='ltr'><strong><em>ἀγωνίζεται,</em></strong></span> 
     </span>
     <span class='ocr_line' id='line_1_25' title="bbox 70 2650 1019 2744; baseline 0 -20"><span class='ocrx_word' id='word_1_196' title='bbox 70 2661 107 2725; x_wconf 79' lang='grc' dir='ltr'><strong><em>ἐν</em></strong></span> <span class='ocrx_word' id='word_1_197' title='bbox 129 2656 164 2723; x_wconf 72' lang='grc' dir='ltr'><strong><em>δὲ</em></strong></span> <span class='ocrx_word' id='word_1_198' title='bbox 181 2663 221 2743; x_wconf 77' lang='grc' dir='ltr'><strong><em>τῇ</em></strong></span> <span class='ocrx_word' id='word_1_199' title='bbox 237 2662 307 2723; x_wconf 78' lang='grc' dir='ltr'><strong><em>τάν</em></strong></span> <span class='ocrx_word' id='word_1_200' title='bbox 321 2659 523 2742; x_wconf 83' lang='grc' dir='ltr'><strong><em>καθημένων</em></strong></span> <span class='ocrx_word' id='word_1_201' title='bbox 544 2652 641 2740; x_wconf 73' lang='grc' dir='ltr'><strong><em>ὑμῶν</em></strong></span> <span class='ocrx_word' id='word_1_202' title='bbox 658 2650 732 2731; x_wconf 82' lang='grc' dir='ltr'><strong><em>ἑνός</em></strong></span> <span class='ocrx_word' id='word_1_203' title='bbox 748 2654 890 2722; x_wconf 82' lang='grc' dir='ltr'><strong><em>ἑκάστου</em></strong></span> <span class='ocrx_word' id='word_1_204' title='bbox 902 2657 1019 2744; x_wconf 82' lang='grc' dir='ltr'><strong><em>γνάμη</em></strong></span> 
     </span>
     <span class='ocr_line' id='line_1_26' title="bbox 70 2750 1020 2840; baseline 0 -18"><span class='ocrx_word' id='word_1_205' title='bbox 70 2761 309 2840; x_wconf 86' lang='grc' dir='ltr'><strong><em>φιλανθρωπία</em></strong></span> <span class='ocrx_word' id='word_1_206' title='bbox 329 2752 412 2840; x_wconf 84' lang='grc' dir='ltr'><strong><em>πρός</em></strong></span> <span class='ocrx_word' id='word_1_207' title='bbox 434 2753 570 2840; x_wconf 90' lang='grc' dir='ltr'><strong><em>φθόνον</em></strong></span> <span class='ocrx_word' id='word_1_208' title='bbox 586 2754 640 2820; x_wconf 81' lang='grc' dir='ltr'><strong><em>καί</em></strong></span> <span class='ocrx_word' id='word_1_209' title='bbox 657 2750 852 2837; x_wconf 79' lang='grc' dir='ltr'><strong><em>δικαιοσύνη</em></strong></span> <span class='ocrx_word' id='word_1_210' title='bbox 864 2753 946 2837; x_wconf 84' lang='grc' dir='ltr'><strong><em>πρὸς</em></strong></span> <span class='ocrx_word' id='word_1_211' title='bbox 958 2781 1020 2822; x_wconf 90' lang='grc' dir='ltr'><strong><em>κα-</em></strong></span> 
     </span>
     <span class='ocr_line' id='line_1_27' title="bbox 69 2850 1020 2940; baseline 0 -20"><span class='ocrx_word' id='word_1_212' title='bbox 69 2859 147 2920; x_wconf 91' lang='grc' dir='ltr'><strong><em>κίαν</em></strong></span> <span class='ocrx_word' id='word_1_213' title='bbox 165 2855 220 2920; x_wconf 83' lang='grc' dir='ltr'><strong><em>καὶ</em></strong></span> <span class='ocrx_word' id='word_1_214' title='bbox 242 2854 351 2921; x_wconf 90' lang='grc' dir='ltr'><strong><em>πάντα</em></strong></span> <span class='ocrx_word' id='word_1_215' title='bbox 372 2851 412 2920; x_wconf 86' lang='grc' dir='ltr'><strong><em>τά</em></strong></span> <span class='ocrx_word' id='word_1_216' title='bbox 424 2851 548 2940; x_wconf 87' lang='grc' dir='ltr'><strong><em>χρηστά</em></strong></span> <span class='ocrx_word' id='word_1_217' title='bbox 561 2852 643 2937; x_wconf 85' lang='grc' dir='ltr'><strong><em>πρὸς</em></strong></span> <span class='ocrx_word' id='word_1_218' title='bbox 656 2850 696 2919; x_wconf 86' lang='grc' dir='ltr'><strong><em>τά</em></strong></span> <span class='ocrx_word' id='word_1_219' title='bbox 707 2852 916 2938; x_wconf 88' lang='grc' dir='ltr'><strong><em>πονηρότατα</em></strong></span> <span class='ocrx_word' id='word_1_220' title='bbox 927 2851 1020 2920; x_wconf 89' lang='grc' dir='ltr'><strong><em>ἀντι-</em></strong></span> 
     </span>
     <span class='ocr_line' id='line_1_28' title="bbox 12 2944 1020 3037; baseline -0.001 -18"><span class='ocrx_word' id='word_1_221' title='bbox 12 2973 60 3029; x_wconf 73' lang='grc'><strong><em>166</em></strong></span> <span class='ocrx_word' id='word_1_222' title='bbox 69 2951 226 3020; x_wconf 91' lang='grc' dir='ltr'><strong><em>τάττεται.</em></strong></span> <span class='ocrx_word' id='word_1_223' title='bbox 252 2944 301 3018; x_wconf 71' lang='grc' dir='ltr'><strong><em>τόν</em></strong></span> <span class='ocrx_word' id='word_1_224' title='bbox 310 2966 379 3030; x_wconf 81' lang='grc' dir='ltr'><strong><em>τοϊς</em></strong></span> <span class='ocrx_word' id='word_1_225' title='bbox 388 2959 533 3037; x_wconf 86' lang='grc' dir='ltr'><strong><em>βελτίοσι</em></strong></span> <span class='ocrx_word' id='word_1_226' title='bbox 548 2951 760 3037; x_wconf 82' lang='grc' dir='ltr'><strong><em>πειθόμενοι,</em></strong></span> <span class='ocrx_word' id='word_1_227' title='bbox 778 2953 833 3019; x_wconf 83' lang='grc' dir='ltr'><strong><em>καὶ</em></strong></span> <span class='ocrx_word' id='word_1_228' title='bbox 844 2950 926 3020; x_wconf 87' lang='grc' dir='ltr'><strong><em>κατά</em></strong></span> <span class='ocrx_word' id='word_1_229' title='bbox 937 2950 1020 3019; x_wconf 86' lang='grc' dir='ltr'><strong><em>ταύ-</em></strong></span> 
     </span>
     <span class='ocr_line' id='line_1_29' title="bbox 67 3045 1085 3136; baseline 0.005 -20"><span class='ocrx_word' id='word_1_230' title='bbox 67 3047 107 3116; x_wconf 89' lang='grc' dir='ltr'><strong><em>τά</em></strong></span> <span class='ocrx_word' id='word_1_231' title='bbox 119 3046 198 3134; x_wconf 77' lang='grc' dir='ltr'><strong><em>ἡμῖν</em></strong></span> <span class='ocrx_word' id='word_1_232' title='bbox 210 3051 346 3134; x_wconf 81' lang='grc' dir='ltr'><strong><em>θέμενοι</em></strong></span> <span class='ocrx_word' id='word_1_233' title='bbox 356 3047 418 3135; x_wconf 80' lang='grc' dir='ltr'><strong><em>τὴν</em></strong></span> <span class='ocrx_word' id='word_1_234' title='bbox 429 3057 561 3136; x_wconf 78' lang='grc' dir='ltr'><strong><em>ψῆφον,</em></strong></span> <span class='ocrx_word' id='word_1_235' title='bbox 584 3046 683 3116; x_wconf 87' lang='grc' dir='ltr'><strong><em>αύτοί</em></strong></span> <span class='ocrx_word' id='word_1_236' title='bbox 695 3075 729 3116; x_wconf 91' lang='grc' dir='ltr'><strong><em>τε</em></strong></span> <span class='ocrx_word' id='word_1_237' title='bbox 745 3045 768 3116; x_wconf 85' lang='grc' dir='ltr'><strong><em>ά</em></strong></span> <span class='ocrx_word' id='word_1_238' title='bbox 784 3048 942 3136; x_wconf 79' lang='grc' dir='ltr'><strong><em>προσήκει</em></strong></span> <span class='ocrx_word' id='word_1_239' title='bbox 960 3048 1085 3124; x_wconf 81' lang='grc' dir='ltr'><strong><em>δό·508·</em></strong></span> 
     </span>
     <span class='ocr_line' id='line_1_30' title="bbox 69 3144 1018 3236; baseline 0.003 -23"><span class='ocrx_word' id='word_1_240' title='bbox 69 3145 132 3226; x_wconf 87' lang='grc' dir='ltr'><strong><em>ξετ’</em></strong></span> <span class='ocrx_word' id='word_1_241' title='bbox 147 3149 343 3232; x_wconf 79' lang='grc' dir='ltr'><strong><em>ἐγνωκέναι,</em></strong></span> <span class='ocrx_word' id='word_1_242' title='bbox 365 3150 420 3216; x_wconf 80' lang='grc' dir='ltr'><strong><em>καὶ</em></strong></span> <span class='ocrx_word' id='word_1_243' title='bbox 436 3155 476 3235; x_wconf 79' lang='grc' dir='ltr'><strong><em>τῇ</em></strong></span> <span class='ocrx_word' id='word_1_244' title='bbox 493 3148 587 3216; x_wconf 86' lang='grc' dir='ltr'><strong><em>πόλει</em></strong></span> <span class='ocrx_word' id='word_1_245' title='bbox 602 3145 642 3215; x_wconf 85' lang='grc' dir='ltr'><strong><em>τά</em></strong></span> <span class='ocrx_word' id='word_1_246' title='bbox 654 3145 802 3232; x_wconf 81' lang='grc' dir='ltr'><strong><em>κράτιστ’</em></strong></span> <span class='ocrx_word' id='word_1_247' title='bbox 816 3144 923 3216; x_wconf 79' lang='grc' dir='ltr'><strong><em>ἔσεσθ’</em></strong></span> <span class='ocrx_word' id='word_1_248' title='bbox 936 3151 1018 3236; x_wconf 72' lang='grc' dir='ltr'><strong><em>ἔφη·</em></strong></span> 
     </span>
     <span class='ocr_line' id='line_1_31' title="bbox 70 3242 1018 3334; baseline 0.003 -24"><span class='ocrx_word' id='word_1_249' title='bbox 70 3246 241 3330; x_wconf 82' lang='grc' dir='ltr'><strong><em>φισμίυοι,</em></strong></span> <span class='ocrx_word' id='word_1_250' title='bbox 265 3243 330 3311; x_wconf 87' lang='grc' dir='ltr'><strong><em>κάν</em></strong></span> <span class='ocrx_word' id='word_1_251' title='bbox 348 3272 397 3324; x_wconf 88' lang='grc' dir='ltr'><strong><em>τις</em></strong></span> <span class='ocrx_word' id='word_1_252' title='bbox 418 3244 468 3331; x_wconf 86' lang='grc' dir='ltr'><strong><em>ἀρ’</em></strong></span> <span class='ocrx_word' id='word_1_253' title='bbox 487 3251 571 3334; x_wconf 78' lang='grc' dir='ltr'><strong><em>ἔλθη</em></strong></span> <span class='ocrx_word' id='word_1_254' title='bbox 593 3248 671 3312; x_wconf 68' lang='grc' dir='ltr'><strong><em>ποτε</em></strong></span> <span class='ocrx_word' id='word_1_255' title='bbox 691 3242 822 3330; x_wconf 86' lang='grc' dir='ltr'><strong><em>καιρός,</em></strong></span> <span class='ocrx_word' id='word_1_256' title='bbox 847 3242 909 3312; x_wconf 88' lang='grc' dir='ltr'><strong><em>ούκ</em></strong></span> <span class='ocrx_word' id='word_1_257' title='bbox 932 3244 1018 3313; x_wconf 79' lang='grc' dir='ltr'><strong><em>ἀπο·</em></strong></span> 
     </span>
     <span class='ocr_line' id='line_1_32' title="bbox 68 3340 1014 3442; baseline 0.006 -37"><span class='ocrx_word' id='word_1_258' title='bbox 68 3341 282 3442; x_wconf 30' lang='grc' dir='ltr'><strong><em>ρησετεκτων</em></strong></span> <span class='ocrx_word' id='word_1_259' title='bbox 308 3344 540 3430; x_wconf 77' lang='grc' dir='ltr'><strong><em>ἐθελησόντων</em></strong></span> <span class='ocrx_word' id='word_1_260' title='bbox 564 3340 648 3429; x_wconf 78' lang='grc' dir='ltr'><strong><em>ὑπὲρ</em></strong></span> <span class='ocrx_word' id='word_1_261' title='bbox 675 3340 771 3428; x_wconf 82' lang='grc' dir='ltr'><strong><em>ὑμῶν</em></strong></span> <span class='ocrx_word' id='word_1_262' title='bbox 795 3343 1014 3411; x_wconf 90' lang='grc' dir='ltr'><strong><em>κινδυνεύειν.</em></strong></span> 
     </span>
    </p>
   </div>
   <div class='ocr_carea' id='block_1_3' title="bbox 66 3435 1017 3596">
    <p class='ocr_par' dir='ltr' id='par_1_3' title="bbox 66 3435 1017 3596">
     <span class='ocr_line' id='line_1_33' title="bbox 66 3435 1017 3587; baseline 0.004 -83"><span class='ocrx_word' id='word_1_263' title='bbox 66 3437 151 3587; x_wconf 57' lang='grc' dir='ltr'><strong><em>ὑπὲρ</em></strong></span> <span class='ocrx_word' id='word_1_264' title='bbox 163 3442 226 3507; x_wconf 84' lang='grc' dir='ltr'><strong><em>οὐν</em></strong></span> <span class='ocrx_word' id='word_1_265' title='bbox 236 3438 365 3586; x_wconf 60' lang='grc' dir='ltr'><strong><em>τομτων</em></strong></span> <span class='ocrx_word' id='word_1_266' title='bbox 376 3440 532 3510; x_wconf 84' lang='grc' dir='ltr'><strong><em>ἀπάντων</em></strong></span> <span class='ocrx_word' id='word_1_267' title='bbox 543 3441 632 3529; x_wconf 79' lang='grc' dir='ltr'><strong><em>οἶμαι</em></strong></span> <span class='ocrx_word' id='word_1_268' title='bbox 643 3444 714 3507; x_wconf 74' lang='grc' dir='ltr'><strong><em>δεῖν</em></strong></span> <span class='ocrx_word' id='word_1_269' title='bbox 724 3435 810 3526; x_wconf 77' lang='grc' dir='ltr'><strong><em>ὑμᾶς</em></strong></span> <span class='ocrx_word' id='word_1_270' title='bbox 820 3440 1017 3521; x_wconf 77' lang='grc' dir='ltr'><strong><em>σπουδάζειν</em></strong></span> 
     </span>
     <span class='ocr_line' id='line_1_34' title="bbox 134 3536 872 3596; baseline 0.008 -10"><span class='ocrx_word' id='word_1_271' title='bbox 134 3537 242 3596; x_wconf 78' lang='grc' dir='ltr'><strong><em>αωοειλι,</em></strong></span> <span class='ocrx_word' id='word_1_272' title='bbox 292 3537 326 3590; x_wconf 88' lang='lat' dir='ltr'><strong><em>ol.</em></strong></span> <span class='ocrx_word' id='word_1_273' title='bbox 338 3536 371 3592; x_wconf 85' lang='grc' dir='ltr'><strong><em>Π.</em></strong></span> <span class='ocrx_word' id='word_1_274' title='bbox 852 3538 872 3592; x_wconf 57' lang='lat'><strong>4</strong></span> 
     </span>
    </p>
   </div>
   <div class='ocr_carea' id='block_1_4' title="bbox 0 0 1190 3854">
    <p class='ocr_par' dir='ltr' id='par_1_4' title="bbox 0 0 1190 3854">
     <span class='ocr_line' id='line_1_35' title="bbox 0 0 1190 3854; baseline 0 0"><span class='ocrx_word' id='word_1_275' title='bbox 0 0 1190 3854; x_wconf 95' lang='lat' dir='ltr'><strong><em> </em></strong></span> 
     </span>
    </p>
   </div>
  </div>
 </body>
</html>
