2370 3854
296 228 436 290 ΚΑΤΑ
457 228 636 290 ΛΝΔΡΟ
648 227 780 289 mlv
787 230 861 291 ΟΣ.
992 233 1054 292 139

102 414 171 475 μαι,
184 388 406 476 διεπράττετο,
420 385 463 455 σύ
474 388 510 458 δὲ
520 396 561 477 τῇ
571 397 698 457 σαυτοῦ
710 399 887 480 προπετείᾳ
900 392 954 459 καί
964 401 1054 474 θρα-

102 486 216 574 σύτητι
226 485 341 575 λαβών
352 490 506 568 ἐξουσίαν
523 484 614 556 πόλλ’
629 484 843 573 ἀνηλωκότας
855 494 901 567 είς
918 489 979 575 την
989 491 1054 558 πό-

100 592 156 653 λιν
176 583 381 672 ἀνθρώπους
400 588 457 655 καὶ
484 595 547 653 σού
568 591 718 672 βελτίους
740 587 795 654 καλ
816 588 852 654 ἐκ
873 588 1115 674 βελτιόνωνδῖὶῖ

101 689 238 765 ψευδέσι
249 687 304 752 καὶ
321 692 473 770 χαλεποῖς
490 681 654 753 ὀνείδεσιν
665 681 735 774 ᾤου
747 687 818 752 δεῖν
829 686 1050 773 περιβάλλειν.

53 781 170 863 Ιρςείτα
181 779 277 851 ταῦθ’
290 773 384 853 οὗτοι
394 789 580 851 πεισθῶσιν
591 779 679 868 ὑπὲρ
692 781 805 851 αύτών
817 804 853 852 σε
864 798 987 870 ποιεῖν,
999 788 1053 853 καὶ

100 880 141 949 τά
153 891 211 968 τῆς
222 889 282 968 σῆς
292 878 513 968 ἀναισθησίας
524 883 579 950 καὶ
596 888 758 970 πονηρίας
775 889 856 970 ἔργα
867 881 918 970 ἐφ’
929 883 1053 964 αύτούς

101 980 339 1060 άναδέξωυται;
368 978 452 1049 ἀλλὰ
470 995 579 1067 μισεῖν
594 982 802 1068 δικαιότερον
824 984 878 1051 διά
894 983 999 1052 ταύτά
1016 1003 1053 1051 σε

100 1077 297 1164 ὀφείλουσιν
307 1074 330 1166 ἢ
342 1080 469 1160 σώζειν.
502 1078 562 1146 τόν
579 1076 644 1164 γάρ
657 1078 740 1167 ὑπὲρ
751 1080 877 1160 πόλεως
888 1082 1054 1166 πράττου-

99 1180 141 1246 τά
164 1206 194 1245 τι
214 1177 320 1247 δεῖτὸ
343 1187 400 1266 τῆς
417 1179 545 1258 πόλεως
563 1171 649 1264 ἦθος
666 1188 848 1266 μιμεῖσθαι,
866 1182 922 1248 καί
939 1181 1054 1260 σώζειν

100 1274 180 1363 ὑμῖν
189 1278 268 1356 τούς
279 1278 468 1359 τοιούτους,
490 1270 518 1343 ώ
537 1274 856 1364 ἀνδρεςἎθηναῖοι,
882 1278 1053 1363 προσήκει,

98 1379 153 1444 καί
173 1391 281 1462 μισεῖν
297 1375 376 1454 τοὺς
393 1369 530 1458 οἷόσπερ
547 1367 655 1453 οὗτος.
690 1372 734 1453 ώς
752 1379 858 1442 ἐκεῖνο
878 1376 982 1442 εἰδόσι
992 1375 1054 1459 μὲν

100 1486 194 1562 ἴσως,
217 1475 306 1561 ὅμως
325 1478 360 1542 δὲ
371 1477 451 1558 ἐρώ·
476 1472 614 1552 ὁποίους
630 1471 723 1552 τινας
735 1468 779 1540 ἀν
791 1477 960 1558 φαίνησθε
970 1469 1054 1558 ἀγα-

99 1581 227 1654 πώντες
238 1575 293 1642 καὶ
304 1575 473 1658 σώζοντες,
485 1572 616 1650 τούτοις
626 1570 735 1658 ὅμοιοι
748 1565 846 1649 δόξετ’
861 1569 954 1637 εἶναι.
968 1608 971 1613 ·

57 1699 91 1751 65
176 1670 246 1740 Ὅτι
263 1679 379 1742 τοίνυν
397 1671 482 1752 όλως
499 1670 577 1740 οὐδὲ
594 1672 656 1759 τὴν
667 1675 836 1758 εἴσπραξιν
847 1667 954 1755 αὐτὴν
965 1667 1050 1753 ὑπὲρ

61 1776 64 1784 ’
99 1768 195 1857 ὑμών
205 1780 389 1859 πεποίηται,
401 1775 456 1840 καλ
467 1778 566 1840 τοῦτο
578 1767 696 1839 αὐτίκα
708 1765 747 1854 δὴ
760 1768 849 1855 μάλα
860 1764 939 1854 ὑμῖν
951 1771 1054 1852 δῆλον

99 1872 235 1957 ποιήσω.
267 1877 297 1939 εί
307 1870 372 1957 γάρ
383 1897 432 1949 τις
443 1876 549 1956 ἔροιτο
568 1867 673 1937 αὐτόν
682 1867 817 1953 πότεροι
828 1863 919 1956 αύτῷ
930 1869 1053 1932 δοκοῦ-

100 1990 155 2037 σιν
166 1967 293 2037 ἀδικεῖν
304 1978 431 2055 μᾶλλον
441 1968 503 2056 τὴν
512 1969 624 2052 πόλιν,
632 1972 666 2037 οί
674 1974 899 2053 γεωργοῦντες
911 1967 967 2033 καί
978 1991 1053 2049 φει-

101 2068 252 2154 δόμενοι,
275 2065 329 2135 διά
352 2073 591 2153 παιδοτροφίας
606 2067 642 2134 δὲ
658 2068 713 2134 καὶ
730 2071 834 2132 οἰκεῖα
852 2061 1052 2148 ἀναλώματα

99 2169 154 2234 καί
166 2172 372 2250 λειτουργίας
383 2166 493 2249 ἑτέρας
504 2164 728 2242 ἐλλελοιπότες
739 2160 918 2249 εἰσφοράν,
937 2159 1004 2247 ἦοί
1012 2163 1050 2228 τά
1140 2221 1142 2225 .

98 2273 166 2330 τών
183 2261 419 2345 ἐθελησάντων
440 2268 638 2344 εἰσενεγκεῖν
655 2261 805 2346 χρήματα
825 2262 881 2326 καί
901 2257 941 2325 τὰ
962 2260 1051 2343 παρὰ

99 2369 167 2427 τών
179 2359 362 2444 συμμάχων
372 2361 569 2437 κλέπτοντες
580 2360 635 2426 καὶ
646 2357 862 2440 ἀπολλύντες,
875 2352 937 2423 οὐκ
950 2351 1051 2435 ἀνείς

99 2464 198 2527 τοῦτο
220 2457 342 2544 τόλμης
361 2457 481 2543 δήπου,
493 2463 612 2544 καίπερ
631 2453 680 2525 ών
696 2452 845 2541 ἀναιδὴς,
853 2458 947 2522 ἔλθοι
967 2451 1050 2522 ώστε

101 2564 206 2642 φῆσαι
216 2555 297 2634 τούς
308 2554 349 2623 τά
360 2557 489 2624 ἕαυτών
499 2554 543 2643 μὴ
561 2559 775 2642 είσφέροντας
785 2560 913 2640 μάλλον
925 2550 1050 2622 ἀδικεῖν

56 2679 90 2734 66
100 2652 122 2742 γ’γ’
132 2657 211 2735 τούς
221 2655 262 2724 τά
275 2656 371 2725 κοινά
389 2654 668 2742 ὑφαιρουμένους.
702 2659 790 2732 τίνος
806 2645 869 2720 οάν
885 2655 999 2736 ἕνεκα,
1023 2647 1050 2719 ώ

100 2756 251 2843 βδελυρὲ,
265 2759 348 2824 ε’τών
360 2755 469 2823 όντων
480 2755 645 2824 πλειόνων
655 2749 677 2840 ἢ
687 2753 866 2838 τριάκοντα
883 2748 938 2837 ἀφ’
953 2743 997 2820 ού
1007 2750 1050 2819 σύ

102 2853 283 2938 πολιτεύει,
301 2855 358 2922 καλ
369 2857 406 2922 ἐν
421 2855 529 2944 τούτῳ
547 2861 594 2945 τῷ
605 2853 716 2941 χρόνφ
733 2861 867 2921 πολλών
878 2851 1051 2938 μὲνστρα-

100 2961 212 3038 τηγών
221 2950 431 3038 ἠδικηκότων
441 2950 504 3039 τὴν
514 2953 624 3039 πόλιν,
642 2957 776 3020 πολλῶν
788 2954 823 3018 δὲ
834 2950 1001 3039 ῥητόρων,
1020 2957 1053 3015 οἳ

99 3049 189 3133 παρὰ
207 3053 352 3119 τουτοισὶ
368 3056 550 3139 κέκρινται,
570 3044 619 3119 ώυ
635 3055 670 3119 οί
684 3051 746 3137 μὲν
761 3055 923 3116 τεθνᾶσιν
941 3044 989 3131 ἐφ’
1004 3043 1052 3123 οἷς

97 3149 249 3238 η’δίκουν,
261 3154 297 3217 οί
304 3145 619 3238 δ’ὑποχωρύσαντες
628 3150 824 3236 φεύγουσιν,
833 3143 970 3223 οὐδενός
981 3144 1053 3212 πώ-

99 3275 177 3316 ποτε
196 3245 378 3333 ἐξητάσθης
394 3249 595 3335 κατήγορος,
617 3245 690 3314 οὐδ’
711 3246 910 3330 ἀγανακτῶν
932 3242 1111 3330 ώφθηςσιί

99 3345 184 3432 ὑπὲρ
199 3338 280 3433 ώνὴ
295 3347 390 3427 πόλις
400 3348 537 3434 πάσχοι,
556 3345 662 3423 οὕτως
675 3342 724 3411 ών
733 3340 866 3429 θρασύς
876 3345 931 3409 καλ
942 3344 1051 3426 λέγειν

57 3461 91 3516 67
101 3444 224 3534 δεινὸς,
243 3443 313 3513 ἀλλ’
325 3443 459 3514 ἐνταῦθ’
473 3444 597 3532 ἐφάνης
609 3440 763 3531 κηδεμών
776 3437 840 3528 ών,
865 3433 909 3508 ού
919 3460 955 3508 σε
967 3448 1050 3507 πολ·
