2370 3854
140 198 202 261 346
350 200 447 261 XXIX.
469 196 892 258 ΔΗΜΟΣΘΕΝΟΤΣ

140 367 246 430 καίτοι
260 366 329 437 πῶς
342 354 383 425 οὐ
398 363 513 442 σαφῶς
524 353 567 423 σὺ
580 351 707 422 σαυτδν
717 355 900 441 ἐξελέγχεις,
913 354 965 422 ὅτι
975 357 1098 436 ψεύδει,

141 456 233 527 δεινά
255 458 460 525 πεπονθέναι
478 454 619 540 φάσκων
636 454 691 521 καί
711 453 773 538 τήν
790 457 887 538 δίκην
902 448 1073 531 άδίκως
1047 481 1093 521 ω-

141 552 373 644 φληκέναιτδν
389 553 574 638 ανθρώπου
585 579 626 620 ου
617 550 856 639 παραλαβών
875 577 999 631 οςτονς
1009 579 1093 618 ταυ-

139 683 180 723 τα
189 653 464 741 μαρτυρήσαντας
474 657 560 736 ἔχειν
574 671 612 719 σε
622 676 677 718 και
665 652 818 735 λαβεῖν,
841 640 955 733 περὶ
927 676 976 716 ων
993 646 1037 728 ὡς
1050 646 1093 719 οὐ

139 752 432 838 καταλειφθέντων
445 770 488 815 συ
500 747 560 816 τὸν
571 747 710 816 Μιλύαν
725 745 900 836 έξήτεις,’
882 753 1014 834 αφήκας
1024 756 1092 814 τῶν

139 856 451 937 ψευδομαρτυριών;
462 844 521 926 οὓς
530 844 616 916 πολὺ
628 839 797 914 κάλλιον
776 873 829 932 ην,
841 855 932 930 ελπερ
941 842 1090 931 ἠδίκησο,

140 949 282 1018 διώκειν.
306 947 381 1015 ἄλλ’
395 947 457 1014 οάκ
469 945 667 1072 ἠδικημένος
678 943 721 1013 σι)
734 958 962 1032 συκοφαντεῖς.

97 1073 131 1127 42
223 1045 444 1131 Πολλαχοθεν
453 1045 514 1131 μεν
526 1071 590 1113 ουν
605 1043 650 1112 άν
668 1070 717 1122 τις
733 1041 850 1112 ῖδοι
814 1070 877 1129 την
900 1045 964 1130 σήν
985 1068 1092 1130 πονη-
1099 1069 1130 1124 85

140 1154 232 1231 ρίαν,
247 1144 387 1230 μαλιστα
405 1143 434 1213 δ
452 1148 483 1211 εί
500 1145 574 1227 περὶ
587 1152 645 1230 τής
656 1141 1014 1263 διαθήκηςάκοάσειεν.
1029 1149 1091 1211 τοῦ

138 1243 203 1331 γάρ
220 1242 359 1331 πατρὸς,
387 1272 414 1311 ω
401 1235 551 1329 άνδρες
568 1245 733 1328 δικασταὶ,
764 1240 804 1309 τά
824 1245 1091 1328 καταλειφθέντα

139 1344 246 1411 ταντα
257 1347 294 1411 ἐν
310 1370 349 1431 τῃ
337 1342 510 1431 διαθήκῃ
521 1341 727 1427 γράψαντος,
745 1339 847 1408 καὶ
813 1366 874 1408 τον
888 1337 1021 1408 alnov*
1000 1363 1091 1419 οπως

138 1441 365 1529 μισθώσουσι,
387 1442 514 1527 ταύτην
534 1467 595 1526 μεν
616 1437 679 1508 οὐκ
696 1438 926 1526 άπέδωκεν,”
912 1465 967 1506 ινα
989 1435 1089 1526 μήτὸ

137 1549 267 1625 πλῆθος
288 1539 419 1626 εὕροιμι
440 1537 503 1625 ἐγώ
520 1544 589 1605 τών
604 1539 782 1657 χρημάτων
803 1542 835 1618 ἐξ
857 1536 975 1623 αὐτῆς,
1001 1535 1091 1623 ώμο-

137 1638 229 1725 λέγει
250 1638 286 1706 δὲ
303 1645 484 1723 κεκτήσθαι
500 1635 602 1705 ταῦθ’
628 1634 650 1702 ά
678 1635 811 1722 μάλιστ’
828 1663 888 1723 ουχ
907 1631 1031 1704 οἷόν’
997 1663 1016 1702 τ
1047 1639 1091 1722 ήν

95 1751 129 1805 43
137 1734 261 1825 έξαρνω
276 1739 435 1821 γενέσθαι
452 1732 557 1802 διά
522 1762 584 1822 την
600 1734 829 1820 περιφάνειαν.
861 1729 905 1821 ήν
933 1739 970 1804 δέ
991 1739 1090 1807 ταῦθ’

138 1831 361 1919 ἃγεγράφθαι
376 1835 528 1918 φησλνέν
542 1858 583 1921 τη
570 1835 759 1922 ”διαθήκη,
782 1834 844 1901 δύο
862 1833 923 1920 μέν
944 1834 1090 1902 τάλαντα

138 1936 354 2015 Δημοφῶντα
364 1936 479 2015 λαβεῖν
490 1927 612 2016 εὐθὺς,
632 1928 695 2016 τήν
707 1930 738 1998 δ’
753 1929 903 2018 άδελφήν
920 1929 1003 1999 ὅταν
1016 1929 1091 2018 ήλι-

137 2035 213 2096 κίαν
230 2033 287 2115 ἔχη
305 2033 418 2106 (τοῦτο
436 2024 468 2094 δ’
487 2035 623 2114 ἔμελλεν
641 2036 688 2108 είς
705 2035 776 2108 ἔτος
795 2032 934 2098 δέκατον
949 2031 1091 2117 γενήσε-

138 2137 245 2205 σθαι),
257 2132 379 2195 τοῦτον
389 2122 420 2192 δ’
435 2122 642 2215 ὀγδοήκοντα
650 2136 735 2214 μνᾶς
746 2131 801 2196 καὶ
818 2129 880 2216 τήν
890 2131 1014 2216 μητέρα
1027 2129 1091 2216 τήν

137 2224 219 2312 ἐμήν
235 2223 369 2313 καλιήν
387 2232 496 2295 οἰκίαν
516 2233 635 2311 οἰκεῖν,
663 2231 873 2314 Θηριππίδην
892 2225 924 2293 δ’
947 2227 1091 2314 ἑβδομή-

136 2350 238 2392 κοντα
260 2333 344 2410 μνᾶς
368 2325 514 2412 λαβόντα
535 2327 794 2413 καρπώσασθαι,
822 2329 883 2405 ἕως
910 2324 995 2412 άνήρ
1024 2324 1090 2412 ἐγώ

135 2430 303 2508 γενοίμην.
324 2424 365 2490 τὰ
378 2423 409 2491 δ’
422 2423 506 2493 άλλα
538 2423 592 2492 80'
610 2428 681 2512 ἐμοὶ
690 2428 789 2512 χωρὶς
805 2425 934 2494 τούτων
944 2431 1091 2495 κατελεί-

137 2529 212 2608 φθη
236 2529 291 2593 καὶ
321 2519 358 2589 τό
374 2529 521 2608 μισθοῦν
537 2523 598 2591 τδν
615 2523 880 2611 οῖκουήφάνιζεν
895 2527 932 2593 έκ
947 2532 1006 2611 τῆς
1017 2528 1091 2594 διε·

136 2617 261 2705 θήκης,
294 2618 336 2687 οὐ
357 2623 530 2705 συμφέρον
555 2619 648 2711 αὑτῷ
676 2629 819 2709 νομιζειν
845 2622 938 2691 ταῦτ’
967 2627 1091 2692 ἐπιδει-

93 2730 128 2779 44
135 2725 259 2802 χθήναι
269 2717 343 2801 παρ’
356 2716 445 2802 ὑμῖν.
463 2717 574 2804 ἐπειδή
585 2727 703 2787 τοίνυν
713 2719 905 2808 ώμολόγητο
917 2718 970 2789 ὑπ’
983 2719 1090 2790 αὐτοῦ

134 2815 257 2882 τούτου
273 2816 332 2881 τὸν
346 2820 470 2899 πατέρα
479 2813 576 2903 ήμῶν
592 2826 794 2887 τελευτώντα
810 2830 973 2890 τοσοῦτον
983 2819 1088 2907 άργύ-

136 2939 211 2998 ριον
223 2912 352 2981 τούτων
363 2914 489 3004 ἑκάστῳ
508 2919 644 3003 δοῦναι,
659 2916 836 3003 τεκμήριον
853 2923 887 2986 οί
903 2919 1090 3000 δικάζοντες

136 3011 209 3079 τότε
225 3008 283 3092 τάς
303 3008 480 3099 ὁμολογίας
496 3015 694 3101 ἐποιήσαντο
712 3017 834 3095 ταύτας
856 3026 919 3084 τοῦ
937 3017 1089 3103 πλήθους

135 3121 203 3182 τών
212 3113 403 3200 χρημάτων·
428 3113 518 3195 ὅστις
527 3113 591 3201 γάρ
604 3113 668 3184 άπὸ
681 3123 750 3184 τών
762 3114 871 3185 ὄντων
881 3119 1018 3203 τέτταρα
1028 3116 1091 3184 τά-

134 3222 238 3281 λαντα
253 3217 308 3282 καὶ
318 3224 495 3301 τρισχιλίας
506 3229 625 3299 προῖκα
636 3216 691 3283 καὶ
704 3213 834 3302 δωρεὰν
845 3220 964 3302 ἔδωκε,
983 3241 1090 3300 φανε-

136 3310 198 3392 ρὸν
213 3306 257 3398 ήν
271 3311 322 3381 ὅτι
340 3311 403 3382 οὐκ
415 3312 479 3383 άπὸ
491 3322 609 3400 μικράς
627 3312 757 3400 οὐσίαις,
780 3311 865 3381 άλλά
883 3314 985 3381 πλέον
1000 3307 1023 3400 ή
1038 3317 1091 3381 δι-

75 3415 269 3515 amam&
287 3403 332 3501 ής
352 3414 427 3502 έμολ
444 3414 596 3484 κατέλιπε
612 3412 708 3482 ταῦτ’
721 3413 873 3500 ἀφεῖλεν·
907 3409 1025 3499 οὐγὰρ
1044 3405 1089 3479 άν
