2370 3854
344 217 486 277 ΠΡΟΣ
505 199 801 283 οοΡΜιιεΝΑ.
979 215 1042 278 389

96 374 166 483 άφιε
166 383 230 461 ίσης
249 379 296 441 ἐπὶ
311 374 433 464 τοιούτῳ
444 373 536 441 πάθει
547 372 580 441 τὸ
593 374 725 459 όφλημα·
748 401 840 441 ταυτα
851 376 909 462 γάρ
921 387 979 442 ἐστι
989 374 1044 461 τὴν

97 466 236 526 ευθυδικί
234 488 272 526 αν
282 441 443 568 άγωνιζομί
442 485 496 524 νου
507 462 557 524 καί
568 469 628 535 τοῖς
639 461 856 564 ἐπιφερομένοις
862 460 1045 568 ἐγκλήμασιν

96 540 297 647 άπαντῶυτος,
321 539 388 606 ἄλλ’
406 537 506 625 οόχί’
488 549 679 627 αναιρούντος
695 540 748 607 τὸν
743 546 823 645 περί
834 571 932 610 αυτωυ
942 573 1044 649 αγωυα

96 631 146 693 καὶ
157 624 211 711 τὴν
223 623 431 710 εἰσαγωγὴν
395 652 446 708 της
457 629 554 728 δίκης
573 622 774 734 παραγραφὴν
784 630 831 706 δὲ,
845 624 977 711 φησίν,
965 655 982 693 ο
993 627 1043 694 υό-

90 739 168 820 μσς
165 716 268 776 δίδωσι
282 711 349 794 περὶ
364 717 424 774 τῶν
439 737 480 793 μη
468 705 660 792 γενομένων
675 709 748 786 όλως
756 706 900 796 Ἀθήνησι
915 713 1031 794 μηδὲί
1004 737 1044 787 ες

94 794 222 879 Αθηνας
232 797 426 899 συμβολαίων

182 875 359 986 Τετήρηιαι
349 878 381 942 δὲ
384 878 469 982 ίντρλ
481 872 557 979 λόγῳ
569 869 676 941 ταύτὸν
685 872 756 982 ὅπερ
767 880 818 942 καί
830 873 935 983 περί
906 904 959 943 τον
969 874 1044 942 κατά

95 961 277 1046 Νεαίρας,”
261 987 306 1029 στι
323 956 374 1063 μὴ
379 954 436 1042 αφ’
451 963 514 1035 ενος
524 966 634 1044 εἴρηται
644 959 810 1071 προσωπου
843 956 910 1026 ἄλλ’
922 963 1044 1044 ἐκεῖμὶν

95 1047 232 1130 ἑκατέρου
242 1039 379 1125 διαστολὴ
391 1039 520 1148 φανερά,
533 1047 664 1108 ἐνταῦθα
676 1046 708 1109 δὲ
715 1047 912 1150 συγκέχυται.
921 1050 1003 1109 δοκεῖ
1013 1049 1045 1110 δὲ

87 1132 191 1235 λ’γιονγε
208 1131 344 1196 ἒιπεῦθευ
360 1125 519 1206 υδευτερος
528 1121 667 1209 λέγειν
648 1125 777 1203 ακουσας
786 1125 912 1194 τοίνυν
896 1136 1044 1231 ημῶν,ω

87 1208 216 1318 “άνδρες
233 1209 403 1295 Ἀθηναῖοι,
433 1210 573 1284 Θεόδοτος
592 1206 748 1311 πολλάκις,
779 1215 830 1274 καί
851 1206 1021 1293 νομίσας
992 1238 1044 1277 τον

88 1293 105 1320 “
110 1297 245 1399 Λάμπιν
246 1301 344 1397 ψερδῆ
354 1286 527 1393 μαρτυρεῖν]
528 1286 659 1393 ’δῆλον
670 1288 729 1356 δὲ’
711 1318 756 1356 υτι
770 1300 910 1359 κοινωνοί
917 1298 1043 1371 τινίςεί-

94 1400 142 1443 σιν
153 1383 185 1443 οί
191 1377 264 1461 πρὸς
274 1375 326 1441 τὸν
336 1379 498 1461 Φορμίωνα
510 1368 725 1457 ἀγωνιζόμενοι

177 1539 1045 1634 Δίκαιαὺμῶνδεησόμεθ’,ωάνδρεςδικασταί,άκοῦ-
1053 1571 1102 1627 φης

95 1666 151 1714 σαι
160 1642 257 1733 ἡμῶν
268 1643 337 1731 μετ’
351 1642 482 1724 εὐνοίας
493 1646 531 1712 ἐν
540 1651 587 1733 τῷ
599 1646 690 1730 μέρει
700 1643 883 1730 λεγόντων,
904 1644 1046 1728 γνόντας

93 1744 144 1811 ὅτι
157 1748 283 1812 ίδιυίται
300 1751 468 1823 παντελῶς
483 1745 598 1827 ἐσμεν,
620 1743 676 1808 καί
691 1738 801 1809 πολύν
816 1741 940 1828 χρόνον
951 1747 997 1819 είς
1006 1744 1044 1809 τδ
1087 1768 1091 1775 ’

91 1841 253 1928 ὑμέτερον
279 1843 440 1930 ἐμπόριον
469 1839 759 1926 εἰσαφικνούμενοι
780 1841 836 1908 καί
858 1839 1045 1927 συμβόλαια

92 1951 225 2021 πολλοῖς
246 1941 492 2029 συμβάλλοντες
513 1936 671 2026 οὐδεμίαν
693 1937 823 2007 πώποτε
845 1944 942 2028 δίκην
960 1940 1045 2024 πρὸς

91 2036 178 2126 ὑμᾶς
188 2041 397 2126 είσήλθομεν,
408 2036 478 2106 οὔτ’
492 2042 709 2122 ἐγκαλοῦντες
719 2033 792 2104 οὔτ’
806 2038 1043 2123 ἐγκαλούμενοι

65 2135 300 2222 2ὑφ’.ε’τίρων.
335 2134 408 2203 οὐδ’
432 2132 476 2202 άυ
496 2143 577 2218 υύυ,
600 2135 746 2220 ἀκριβῶς
766 2143 851 2217 ἴστε,
876 2128 1042 2219 άάυδρες

89 2234 273 2319 Ἀθηναῖοι,
297 2238 328 2301 εί
336 2231 612 2317 ὑπελαμβάνομεν
623 2230 830 2299 ἀπολωλέναι
840 2231 881 2297 τά
892 2231 1041 2317 χρήματα

90 2334 142 2398 ἐπί
161 2338 219 2415 τῆς
235 2327 317 2407 νεώς
334 2337 391 2413 τῆς
408 2332 664 2413 διαφθαρείσης,
686 2326 708 2394 δι’
724 2331 938 2414 ἐδανείσαμεν
950 2336 1041 2415 Φορ-

90 2434 205 2514 μίωνι,
218 2423 280 2494 ούκ
291 2425 335 2493 άν
346 2423 417 2493 ποτ’
431 2428 590 2514 ἐλάχομεν
599 2424 663 2514 την
673 2431 770 2514 δίκην
780 2424 871 2516 αύτῷ
878 2453 885 2466 ·
908 2425 969 2513 ούχ
980 2427 1041 2496 ού-

89 2554 154 2607 τως
169 2524 261 2615 ίγμείς
278 2524 492 2611 άναίσχυντυί
499 2529 598 2612 ἐσμεν
608 2523 683 2594 οὐδ’
695 2524 825 2611 άπειροι
835 2534 896 2592 τοῦ
907 2531 1041 2612 ζημιοῠ-
1104 2577 1106 2581 ⁴

90 2635 181 2695 σθαι.
212 2632 347 2694 πολλῶν
364 2622 396 2691 δ’
413 2621 497 2711 ἡμᾶς
513 2624 740 2710 κακιζόντων,
752 2628 808 2693 καὶ
824 2625 964 2710 μάλιστα
974 2634 1043 2692 τῶν

89 2727 294 2814 ε’νΒοσπόρῳ
307 2723 577 2811 ἐπιδημησάντων
589 2722 655 2811 ἅμα
663 2730 843 2810 Φορμίωνι,
857 2725 950 2809 οἵπερ
961 2734 1043 2791 τοῦ·

89 2849 149 2889 τον
166 2823 289 2909 ᾔδεσαν
306 2820 348 2890 ού
365 2827 634 2890 συναπολέσαντα
651 2819 690 2890 τά
711 2821 858 2908 χρήματα
874 2823 912 2889 ἐν
925 2829 965 2911 τῇ
976 2824 1041 2909 νηί,

90 2916 204 2986 δεινόν
225 2917 389 3006 ἡγούμεθ’
414 2920 498 2988 είναι
517 2920 554 2988 τὸ
578 2922 621 3006 μή
643 2928 810 3008 βοηθῆσαι
829 2918 908 3007 ἡμίν
930 2917 1043 3000 αὐτοῖς

90 3015 320 3101 ἀδικουμένοις
330 3016 395 3085 ὑπὸ
407 3019 539 3086 τούτου.

64 3141 83 3194 ³
172 3117 256 3200 Περὶ
274 3115 336 3199 μὲν
346 3109 410 3183 ούν
420 3125 478 3202 τῆς
489 3124 709 3202 παραγραφῆς
717 3115 842 3201 βραχύς
853 3117 942 3182 ἐστιν
955 3112 1042 3184 ὁλό-

89 3241 162 3301 γος·
185 3217 240 3282 καὶ
256 3213 320 3301 γάρ
339 3206 432 3283 ούτοι
449 3212 491 3282 ού
507 3212 545 3282 τδ
564 3214 722 3298 παράπαν
733 3212 937 3300 συμβόλαιον
947 3215 1041 3299 ἐξαρ-

89 3321 230 3381 νοῦνται
240 3313 287 3405 μη
297 3314 455 3397 γενέσθαι
464 3317 501 3382 ἐν
511 3319 557 3404 τῷ
569 3315 714 3403 ἐμπορίφ
723 3320 771 3404 τῷ
781 3309 945 3401 ὑμετέρῳ,
967 3301 1044 3381 ἀλλ’

89 3410 201 3480 ούιιέτι
212 3409 298 3479 εἷναί
305 3431 388 3497 φασι
397 3413 481 3497 πρὸς
492 3412 629 3492 ἑαυτοὺς
640 3410 740 3481 οὐδὲν
751 3413 1039 3501 συμβόλαιονπε-
1176 3448 1180 3455 =
