2370 3854
236 240 373 302 ΚΑΤΑ
393 239 856 305 ΑΡΙΣΤΟΚΡΑΤΟῬΣ.
957 241 1018 306 181

57 393 156 492 ἀὐτῷ
170 407 399 487 ψηφίσασθαι,
421 395 609 487 ἢσίοιιος
625 398 643 469 ὁ
662 398 801 483 Φωκεὺς
817 404 839 489 ἤ
855 428 903 484 τις
921 403 1020 483 ἄλλος

62 498 229 585 δυνάστης
243 505 393 588 (πολλοῖς
408 499 444 567 δδ
455 499 566 586 δήπου
578 497 633 567 διὰ
644 499 782 585 καιρούς
792 527 883 582 τινας
893 503 1019 571 πολλά-

60 625 113 678 τις
129 605 221 685 φίλοι
234 597 454 685 γιγνόμεθα),
478 598 621 683 πότερον
637 599 857 686 ψηφιούμεθα
874 608 977 668 πᾶσιν
995 595 1018 685 ἦ

61 696 121 779 ούς
142 695 364 782 ψηφιούμεθα
379 693 421 784 νὴ
435 703 510 766 Δία.
541 700 597 766 καὶ
612 704 647 766 τί
660 696 828 785 φήσομεν,
851 691 878 766 ά
898 696 1018 785 ἅνδρες

57 794 238 882 Ἀθηναῖοι,
250 795 365 880 καλὸν,
378 802 409 865 εί
417 803 486 864 τῶν
494 795 660 883 Ἑλλήνων
671 793 719 865 ἐπ’
730 800 905 884 ἐλευθερίᾳ
916 820 1018 882 προε-

62 895 182 964 στάναι
192 894 378 981 φάσκοντες
388 895 466 974 τούς
479 900 546 984 ίδίηι
559 896 715 983 δυνάμεις
727 898 779 964 έπλ
789 909 857 974 τοῖς
872 895 1018 982 πλήθεσι

10 1003 51 1057 θσ
61 995 284 1082 κεκτημένους
295 998 565 1081 δορυφοροῦντες
580 997 799 1083 φανούμεθας
822 1002 853 1065 εί
866 996 931 1083 γάρ
948 997 1021 1062 έστί

60 1120 107 1184 τφ
119 1096 235 1162 δοτέον
244 1121 276 1162 τι
287 1103 458 1180 τοιοῦτον,
472 1093 516 1174 ύς
526 1099 629 1181 ἔγωγε
640 1091 682 1162 ού
692 1120 794 1181 φημι,
810 1093 1017 1179 πρῶτονμὲν

59 1200 107 1280 τῷ
117 1195 223 1281 μηδὲν
232 1191 406 1282 ἠδικηκότι
416 1193 566 1279 πώποτε,
590 1193 748 1278 δεύτερον
762 1192 800 1262 δέ
814 1200 863 1282 τῷ
877 1191 957 1279 μηδ’
975 1188 1019 1260 δν

60 1288 189 1360 ἀδικεῖν
199 1293 358 1380 βούληται
369 1296 601 1380 δυνησομένῳ,
612 1288 715 1360 ἔπειθ’
730 1288 774 1370 ὡς
784 1288 920 1377 άληθῶς
930 1289 1021 1370 ὅστις

60 1387 186 1458 ἅπασιν
204 1388 399 1476 ἀνθρώποις
416 1397 507 1459 ἔσται
523 1387 671 1476 φανερός
686 1388 773 1477 ὑπὲρ
783 1385 845 1458 τού
856 1389 902 1476 μή
911 1415 942 1457 τι
953 1414 1019 1456 πα-

60 1497 138 1556 θείν
151 1495 256 1556 ταῦτα
272 1485 524 1577 εὑρισκόμενος,
547 1491 604 1558 καὶ
617 1486 680 1558 οὐκ
694 1491 746 1557 ἐπὶ
761 1495 807 1579 τῷ
822 1502 930 1558 ποιεῖν
943 1484 1015 1574 μετ’

61 1583 173 1666 άδείας
184 1588 316 1673 ἑτέρους
325 1594 452 1676 κακῶς,
464 1589 572 1680 τούτῳ
584 1591 707 1658 δοτέον.
730 1587 781 1658 ότι
795 1593 856 1676 μὲν
866 1594 984 1657 τοίνυν
997 1583 1016 1655 δ

60 1690 250 1773 Χαρίδημος
262 1688 339 1757 ούτε
348 1696 416 1758 τῶν
428 1687 669 1777 ἀναμαρτήτων
679 1691 746 1758 έστδ
755 1685 838 1775 πρός
846 1685 932 1775 ὑμᾶς
941 1685 1018 1755 ούτε

61 1793 129 1851 τῶν
139 1788 195 1852 ἵνα
205 1787 252 1872 μή
263 1813 294 1853 τι
304 1786 440 1855 πάθωσι
449 1797 553 1856 ταῦτα
563 1785 820 1875 εὑρισκομένων,
829 1786 932 1854 ἐάσω
946 1781 1014 1854 ἀλλ’

63 1881 108 1962 ὥς
124 1881 203 1953 οὐδὲ
219 1884 335 1965 πιστός
351 1893 397 1967 είς
406 1884 468 1956 τόν
478 1892 588 1956 ἔπειτα
599 1886 724 1975 χρόνον
730 1937 740 1972 ,
763 1882 932 1955 άκούσατέ
939 1907 1016 1972 μον,

61 1985 117 2052 καὶ
128 2000 294 2073 σκοπεῖτε,
306 1982 350 2055 δν
361 1985 440 2074 ὑμίν
451 1985 566 2073 ὀρθῶς
576 1987 735 2071 ἐξετάζειν
746 1990 844 2055 δοκεῖ.

10 2112 52 2168 ηςς
144 2081 226 2169 Ἐγώ
243 2090 381 2172 νομίζω,
406 2079 762 2172 οἶάνδρεςἏθηναίοι,
785 2080 859 2150 ὅσοι
872 2082 934 2168 μέν
949 2090 1018 2150 τῶν

61 2178 231 2268 ἡμετέρων
247 2187 338 2251 ἐθῶν
353 2188 408 2251 καί
423 2186 538 2268 νόμων
554 2185 756 2268 ἐπιθυμηταὶ
768 2181 944 2267 γενόμενοι
955 2204 1018 2247 πο-
1027 2192 1079 2251 6⁶2

62 2288 149 2349 λίται
159 2280 372 2347 ἐσπούδασαν
383 2283 558 2364 γενέσθαι,
579 2279 689 2365 ἄμυν’
703 2277 825 2356 αύτούς
840 2273 884 2344 άν
897 2277 1017 2362 τυγχά-

61 2404 135 2448 νειν
145 2377 275 2469 τούτων
284 2378 339 2446 καὶ
349 2374 431 2462 παρ’
442 2374 522 2465 ἡμίν
533 2383 637 2446 οίκείν
649 2378 704 2445 καὶ
718 2379 863 2463 μετέχειν
880 2366 928 2443 ὦν
942 2378 1018 2442 έπε-

62 2477 231 2563 θύμησαν.
263 2474 365 2557 όσονς
383 2476 419 2546 δέ
435 2477 564 2546 τούτων
580 2479 642 2564 μὲν
652 2473 796 2564 μηδενός
806 2472 882 2563 μη’τ’
896 2479 1017 2544 ἐπιθυ-

62 2582 120 2664 μία
131 2575 212 2662 μήτε
223 2580 319 2662 ζῆλος
330 2579 524 2665 εἰσέρχεται,
545 2575 607 2665 τὴν
622 2583 816 2658 πλεονεξίαν
830 2574 864 2644 δ’
879 2575 1016 2662 ἀναπολ-

62 2696 132 2762 σιν,
154 2673 198 2762 ἣν
214 2674 269 2745 διὰ
283 2685 344 2746 τοῦ
359 2682 471 2747 δοκείν
487 2674 549 2764 ὑφ’
567 2675 664 2763 ὑμῶν
674 2681 1016 2764 τιμᾶσθαικαρπούν-

60 2800 130 2860 ται,
153 2775 294 2856 τούτους
312 2774 344 2844 δ’
362 2776 466 2864 οἶμαι,
488 2777 669 2864 μᾶλλονδὲ
687 2775 761 2844 οἶδα
780 2783 912 2869 σαφοίς,
934 2773 1016 2844 όταν

60 2869 141 2939 ποτὲ
152 2877 298 2957 μείζονος
308 2882 496 2957 πλεονεξίας
507 2878 672 2964 ἑτέρωθεν
683 2878 798 2944 έλπίδα
810 2880 936 2959 ἴδωσιν,
946 2870 1016 2941 οὐδ

10 2987 51 3044 θ’]
60 2967 177 3039 ὁτιοῦν
185 2968 282 3055 ύμύν
291 2981 534 3059 φροντίσαντας
542 2979 674 3062 ἐκείνην
680 2972 914 3060 θεραπεύσειν.
932 2969 1015 3054 οἷον,

59 3067 106 3138 ἵν’
130 3073 237 3156 εἰδῆτε
258 3072 313 3139 καὶ
332 3069 427 3160 ύμείς
446 3072 530 3161 πρὸς
545 3070 565 3141 δ
581 3072 674 3142 ταῦτ’
692 3070 755 3158 ἐμοὶ
771 3075 904 3160 βλέπων
919 3072 1015 3154 λέγω,

61 3167 196 3236 Πύθων
209 3165 342 3254 οὑτοσὶ,
364 3169 420 3239 ὅτε
434 3173 496 3260 μὲν
505 3172 621 3242 Κότυν
636 3168 743 3250 εύθδς
753 3165 943 3246 ἀπεκτονώς
954 3164 1017 3235 ούκ

63 3265 209 3353 ἀσφαλὲς
219 3264 328 3352 ἡγεῖτο
339 3268 377 3337 τδ
388 3269 548 3340 άπελθεῑν
558 3267 636 3339 ὅποι
646 3267 749 3356 τύχοι,
760 3263 866 3356 ἦλθεν
877 3265 922 3347 οἱς
932 3263 1020 3353 ὑμᾶς

63 3369 119 3435 καὶ
136 3374 305 3435 πολιτείαν
321 3366 423 3456 ᾔτησε
437 3372 492 3438 καί
512 3369 650 3438 πάντων
670 3367 845 3456 ἐποιήσατο
866 3365 1020 3453 κράτους

63 3463 152 3552 ὑμᾶς
190 3465 302 3556 ἐπειδὴ
315 3467 352 3537 δέ
363 3477 465 3538 οίεται
474 3467 515 3538 τά
528 3476 696 3538 Φιλίππου
707 3466 882 3556 πράγματα
893 3472 1023 3552 συμφέ-
