2370 3854
218 207 220 211 ’
291 198 429 259 ΚΑΤΑ
453 193 851 256 ΤΙΜΟΚΡΑΤΟΥΣ.
985 189 1047 254 225

100 359 155 447 ἀφ’
170 353 222 446 ού,
241 357 325 428 τἰλλδι
337 364 515 443 πεποίηκεν
525 352 567 423 ού
577 353 685 440 μόνον
696 352 760 441 πρὸ
778 361 835 474 της
846 350 969 440 ἡμέρας
979 344 1050 441 ἐνῆ

99 465 228 529 τέθεικε
238 457 358 543 κύριον
369 453 429 524 τδν
440 455 558 540 νόμον,
577 451 660 521 ἀλλὰ
671 456 726 520 καί
742 450 806 537 πρδ
819 475 879 520 τοο
864 455 1049 538 ’γενέσθαι

99 555 173 626 τινὰ
185 555 296 644 ἡμων
318 552 476 639 ἀόριστον
492 550 556 639 γὰρ
574 551 704 619 ἅπαντα
720 548 780 620 τδν
793 549 1049 637 παρεληλυθότα

100 660 376 742 προσπεριείληφε
387 677 518 739 χρονον
536 659 642 719 καίτοι
651 677 736 738 χρην
745 643 1049 737 σε,ωΤιμοκραιες,
1129 736 1132 741 .

99 783 120 840 η
132 780 254 821 τουτον
265 751 309 839 μη
321 752 465 838 γράφειν
475 778 495 838 η
482 746 636 819 ἐκεῖνον
647 751 741 819 λύειν
747 748 848 839 ,ούχ,
869 755 925 819 ἵνα
936 776 953 820 ο
940 748 1050 837 ‘'606-

55 914 56 918 ,
100 862 150 921 λιι
161 850 204 918 σύ
216 854 360 936 γένηται,
378 848 537 918 πάντατὰ
549 848 943 937 πρύγματασυνταροίξαι.
976 852 1050 935 λέγε

101 949 331 1036 ύλλοννόμον.

487 1070 665 1132 ΝΟΜΟΣ.

58 1219 91 1272 45
186 1198 289 1279 [Μηδὲ
305 1197 374 1279 περί
390 1203 449 1260 τῶν
465 1190 592 1298 ἀτίμων,
617 1193 696 1272 ύπως
714 1222 769 1280 χρη
757 1189 983 1300 ἐπιτίμονς’
946 1194 1053 1270 αυτούς

143 1280 229 1384 εἶναι,
240 1280 314 1363 μηδὲ
324 1280 392 1360 περί
403 1285 463 1342 τῶν
475 1272 653 1382 ὀφειλόντων
663 1287 724 1355 τοῖς
735 1286 819 1355 θεοις
829 1305 849 1362 η
869 1303 916 1383 την
897 1282 1052 1384 δημοσίῳ
1060 1303 1112 1360 715

144 1372 184 1511 τρῖ
201 1360 371 1465 Ἀθηναίων
395 1362 462 1444 περί
480 1356 610 1465 ύφέσεως
634 1368 687 1426 τού
708 1357 916 1467 οφλημοιτος
894 1389 915 1445 η
931 1342 1051 1445 τάξεως,

145 1429 198 1511 ἔδον
220 1440 262 1529 μὴ
290 1446 507 1527 ψηφισαμένων
533 1439 702 1549 Ἀθηναίων
725 1441 800 1550 τὴν
808 1443 912 1510 ἄδειαν
935 1453 1053 1529 πρῶτον
1130 1448 1135 1455 “

144 1558 185 1613 μη
173 1527 357 1606 ’ἕέλαττονξ
341 1532 486 1635 ξαπισχιλί
485 1554 543 1610 ων,
556 1522 631 1604 οίς”
610 1555 649 1593 αν
659 1526 730 1618 δύξη
741 1524 879 1636 κρύβδην
888 1535 987 1634 ψηφιζ
984 1531 1051 1610 ομέ-

144 1640 215 1690 νοις.
248 1608 359 1678 τύτεδ’
374 1614 479 1691 ἐξεῖναι
495 1615 678 1697 χρηματίζειν
696 1607 766 1679 καθ’
779 1609 796 1677 6
813 1639 842 1679 τι
858 1607 946 1700 δντη
929 1619 1052 1699 βουλῇ
1178 1644 1179 1648 ’

144 1701 195 1762 ναὶ
206 1723 247 1784 τῳ
235 1693 344 1786 δημφ
359 1701 453 1784 δοκῇ]

58 1848 92 1902 46
178 1825 296 1903 ’Ἄλλος
317 1816 416 1902 οὗτος
437 1824 550 1912 νόμος,
573 1823 635 1893 ούιι
657 1828 723 1894 ἐῶν
743 1826 908 1911 περὶτῶν
926 1821 1053 1910 ιἰτίμων

102 1922 180 1993 οὐδὲ
200 1931 269 1991 τῶν
290 1919 496 2010 ὀφειλόντων
517 1927 626 2009 λέγειν
653 1922 732 1994 ούδὲ
751 1928 957 2012 χρηματίζειν
978 1925 1053 2008 περὶ

101 2020 249 2108 ἀφέσεως
260 2028 329 2089 τῶν
338 2018 543 2107 ὀφλημάτων
552 2021 632 2092 ούδέ
640 2023 772 2110 τάξεως,
785 2018 828 2090 δν
839 2020 884 2108 μὴ
894 2029 952 2108 τῆς
963 2018 1054 2089 ἄδει’-

103 2149 141 2200 ας
157 2126 323 2206 δοθείσης,
346 2122 401 2187 καὶ
422 2119 544 2206 ταύτης
564 2120 609 2209 μὴ
632 2128 769 2191 ἔλαττον
786 2117 810 2209 6
830 2123 1051 2205 ἑξακισχιλίων

102 2221 354 2305 ψηφισαμένων.
378 2211 477 2297 οὗτος
488 2219 521 2286 δ’
533 2225 677 2304 ἔγραψεν
689 2219 864 2308 ἄντικρυς,
882 2221 937 2288 καί
948 2230 979 2289 εί
988 2245 1052 2286 τινι

102 2325 171 2384 τῶν
181 2314 388 2400 ὀφειλόντων
398 2319 522 2402 δεσμοῦ
533 2317 886 2406 προστετίμηται,είναι
895 2314 957 2404 τὴν
967 2313 1053 2402 δέφε-

104 2433 158 2480 σιν
169 2414 378 2503 πορισαμένῳ
390 2413 469 2493 τοὺς
479 2418 760 2505 ἐγγυησομένους,
778 2416 819 2488 ού
831 2419 1053 2503 προτεθέντος

103 2509 242 2591 οὐδενὸς
263 2516 338 2596 περί
357 2513 503 2598 τούτων,
526 2512 605 2584 οὐδὲ
627 2522 781 2603 δοθείσης
800 2514 912 2596 ἀδείας
933 2520 1051 2602 λέγειν.
1131 2568 1135 2573 .

59 2635 92 2689 ιη
104 2608 260 2697 καδδμὲν
271 2612 390 2698 νόμος,
414 2609 489 2681 οὐδ’
500 2611 635 2683 ἐπειδᾶν
646 2614 708 2702 τὴν
719 2614 835 2685 ἄδειαν
846 2613 985 2702 εύρηταί
992 2640 1051 2700 τις,

105 2716 228 2778 ἔδωκεν
240 2709 285 2789 ὡς
296 2706 340 2778 δν
349 2712 511 2799 βούληται
521 2713 687 2799 πράττειν,
705 2713 774 2784 ἀλλ’
787 2712 831 2795 ὥς
841 2711 886 2782 δν
895 2722 937 2801 τῇ
944 2719 1053 2800 βουλῇ

103 2811 159 2877 καί
169 2834 215 2896 ιφ
203 2809 320 2898 δήμῳ
333 2815 429 2897 δοκῇ·
450 2837 496 2901 ιφ
481 2810 546 2880 δ’
559 2810 622 2881 ούιι
639 2811 803 2902 ἀπέχρησε
819 2819 900 2881 τοῦτ
903 2809 1052 2901 ’δδιιιεϊν

103 2907 259 2993 μόνον,ε
244 2912 275 2974 εί
290 2933 333 2993 μη
323 2879 553 2996 δοθείσης
512 2937 570 2997 της
580 2910 691 2993 οίδείας
705 2917 793 3013 λέγει
802 2911 908 2980 ταδ’
868 2915 1053 2996 νομονείσ-

105 3005 434 3094 φέρειπερίτούτων,
453 3006 538 3077 ἀλλὰ
549 3012 604 3077 τινί
614 3016 750 3099 προσέτι
761 3008 824 3080 ούιι
843 3006 935 3087 είς
898 3035 960 3094 την
970 3015 1054 3095 βον-

103 3103 186 3191 λὴν,
204 3100 267 3170 ούιι
278 3102 374 3182 είς
338 3130 399 3172 τον
410 3110 562 3194 δῆμονεί
560 3108 634 3177 πων
645 3108 863 3194 περὶτούτων
875 3104 994 3189 ονδεν,
1016 3107 1053 3172 ἐν

104 3200 317 3290 παραβύστῳ,
328 3228 386 3289 της
395 3208 569 3292 βουληςμ
570 3205 798 3329 νᾶφειμίνης,
815 3201 928 3275 τωνδ’
942 3201 1054 3272 ἄλλων

105 3300 158 3368 διοὶ
180 3298 243 3388 τὴν
264 3298 384 3388 ἑορτὴν
405 3303 640 3392 ίερομηνίαν’
622 3304 792 3391 αγόνιων,
814 3300 926 3391 λύθρηι
947 3300 1056 3385 νόμον

59 3400 301 3485 ςςείσήνεγτιεν
330 3405 437 3469 καίτοι
445 3427 530 3490 χρην
541 3423 596 3491 σε,
609 3431 634 3472 ω
623 3397 889 3492 Τιμόκρατες,ε
874 3396 1062 3468 είδδτατδω

144 3496 279 3548 Demosth.
302 3495 408 3548 v01.11·
825 3503 867 3554 Kb
