2370 3854
164 237 224 299 196
362 238 457 296 xxm.
493 231 916 295 ΔΗΜΟΣΘΕΝΟΤΣ

162 400 241 478 τούς
251 401 381 483 ξένους,
398 397 454 463 καὶ
471 391 652 482 στρατηγὸς
663 389 721 478 ὑφ’
734 386 830 478 ὑμῶν
841 388 1058 477 αὐτοκράτορ
1070 398 1117 472 είς

162 496 379 583 Χερρόνησον
399 496 532 574 ἐξέπλει.
566 491 654 561 οὕτω
675 491 798 579 γράφει
818 491 920 567 πάλιν
942 491 1117 579 συνθήκας

162 592 245 683 πρὸς
260 593 322 664 τδν
337 593 492 680 Χάρητα,
514 592 788 679 παραγενομένου
806 587 1045 678 Ἀθηνοδώρου
1061 591 1118 665 καί

161 701 230 762 τῶν
240 697 421 781 βασιλέοιν,
442 691 564 771 ταύτας
575 695 672 773 αἵπερ
685 692 769 758 εἰσὶν
779 687 910 776 άρισται
920 691 976 767 καὶ
987 688 1117 765 δικαιό-

161 818 263 871 ταται.
295 793 351 873 καί
373 797 460 880 ἔργῳ
482 787 602 871 ἑαυτὸν
617 787 789 876 ἐξήλεγξεν
808 787 860 857 ὅτι
876 797 1117 877 καιροφυλακεῖ

161 890 224 981 τήν
236 892 336 965 πόλιν
345 888 451 979 ήμῶν,
463 892 519 969 καὶ
530 886 631 960 οὐδὲν
642 887 774 959 ἁπλοῦν
784 893 910 974 ἔγνωκε
920 902 1027 957 ποιεῖν
1038 885 1114 957 οὐδ’

105 998 154 1053 1⁷4
164 1001 246 1060 ίσον.
281 986 342 1075 εἶθ’
355 987 397 1058 ὃν
414 986 513 1075 ὁρᾶτε
529 991 566 1056 ἐκ
583 995 803 1075 προσαγωγῆς
818 982 899 1074 ὑμῖν
921 995 1039 1074 φίλον,
1061 989 1117 1057 καὶ

164 1085 309 1173 ὅπυςάν
317 1087 404 1179 ὑμᾶς
425 1088 594 1159 δύνασθαι
605 1093 741 1176 νομίση,
760 1085 849 1156 οὕτω
866 1083 951 1174 πρὸς
960 1083 1048 1174 ὑμᾶς
1058 1084 1117 1154 εὖ·

164 1197 257 1269 νοίας
268 1193 403 1279 ἔχοντα,
424 1195 546 1271 τοῦτον
567 1196 681 1257 οἴεσθε
698 1191 768 1256 δεῖν
784 1186 923 1280 ἰσχυρόν
934 1184 1009 1261 ποτ’
1021 1189 1117 1263 ἐᾶσαι

164 1290 341 1376 γενέσθαι,
363 1288 539 1357 καὶταῦτα
555 1283 594 1355 δι’
606 1283 721 1374 δμῶνς
741 1282 804 1354 οὐκ
822 1282 873 1372 ἄρ’
885 1282 1000 1369 ὀρθῶς
1010 1284 1118 1371 ἐγνῶ-

165 1415 253 1460 κατε.
293 1393 350 1458 ἵνα
367 1395 484 1458 τοίνυν
500 1383 604 1473 εἰδῆθ’
623 1385 676 1455 ὅτι
692 1383 825 1474 τάληθή
841 1387 942 1471 λέγω,
963 1385 1047 1471 λαβέ
1061 1409 1119 1472 μοι

165 1487 228 1577 τήν
247 1485 426 1575 ἐπιστολήν
446 1483 470 1573 ή
489 1482 571 1573 μετὰ
590 1482 649 1564 τάς
665 1483 799 1570 πρῶτος
810 1481 984 1570 συνθήκας
999 1473 1117 1567 ήλθιν,

166 1586 234 1656 εἶτα
244 1584 307 1674 τήν
317 1583 408 1672 παρά
417 1584 624 1671 Βηρισάδου·
646 1583 789 1670 μάλιστα
804 1580 872 1668 γάρ
889 1579 978 1650 οὕτω
988 1579 1116 1666 γνῶσι·

166 1695 229 1754 σθι
241 1684 482 1770 διδασκόμενοι.

524 1804 770 1867 ΕΠΙΣΤΟΛΗ.

250 1919 335 1999 Λέγε
346 1917 401 1982 καὶ
410 1911 474 2001 τήν
485 1913 660 2000 ἐπιστολήν
669 1912 731 1999 τήν
742 1920 805 1981 τοῦ
812 1912 1014 2001 Βηρισάδου.

518 2034 764 2096 ΕΠΙΣΤΟΛΗ.
1128 2058 1179 2115 679

108 2167 159 2224 175
248 2139 289 2210 ‘H
307 2143 369 2229 μὲν
386 2148 504 2211 τοίνυν
525 2150 692 2231 συμμαχία
712 2157 784 2211 τοῖν
806 2147 903 2213 δνοιν
920 2148 1042 2211 τοῦτον
1058 2141 1121 2211 τδν

167 2242 293 2329 τρόπον
305 2242 387 2330 μετά
399 2240 461 2330 τήν
478 2242 711 2331 παράκρουσιν
728 2237 791 2330 τήν
808 2238 863 2311 διδ
874 2248 944 2311 τῶν
954 2238 1038 2329 πρὸς
1046 2244 1119 2327 Kn-

167 2341 349 2427 φισόδοτον
372 2349 556 2429 συνθηκῶν
579 2339 786 2430 συνεστάθη,
809 2341 874 2430 ήδη
894 2340 1121 2412 Μιλτοκύθου

166 2442 229 2524 μὲν
239 2437 469 2526 ἀνῃρημένου,
491 2442 688 2528 Χαριδήμου
707 2440 741 2509 δ’
753 2447 839 2531 ἔργῳ
856 2448 1009 2528 φανεροῦ
1023 2466 1121 2529 γεγε-

169 2541 316 2625 νήμίνου
324 2535 376 2607 ὅτι
385 2544 444 2625 τής
454 2539 578 2619 πόλεως
588 2539 707 2626 ἐχθρός
724 2543 820 2608 ἐστιν.
855 2536 893 2620 δς
908 2537 974 2628 γάρ
990 2536 1032 2609 δν
1046 2536 1121 2631 ᾔδει

170 2635 225 2706 διά
242 2637 365 2717 παντὸς
381 2645 442 2705 τοῦ
454 2638 580 2724 χρόνον
596 2639 733 2708 πάντων
751 2646 821 2708 τῶν
837 2647 981 2729 Θρακῶν
996 2636 1121 2708 εὐνού-

170 2755 290 2804 στατον
307 2732 381 2806 ὄνθ’
399 2733 495 2823 ὑμῖν,
517 2745 639 2806 τοῦτον
657 2735 851 2826 ὑποχείριον
870 2735 989 2826 ήξίωσι
1004 2735 1122 2826 λαβῶν

169 2847 237 2913 τολς
246 2831 417 2921 ὑμετέροις
427 2838 558 2922 ἐχθροῖς
567 2840 769 2920 Καρδιανοῖς
786 2840 977 2925 ἐγχειρίσαι,
995 2844 1067 2917 πῶς
1076 2834 1120 2905 οὗ

168 2932 437 3021 μεγάληςίχθρας
448 2937 564 3021 δενγμα
575 2932 659 3023 πρὸς
669 2932 756 3022 ὑμᾶς
765 2938 934 3023 ἐξέφερενς
956 2932 1121 3023 δςδήτὸν

168 3034 316 3120 πόλεμον
326 3033 443 3113 δεδιῶς
451 3031 512 3103 τὸν
522 3031 607 3121 πρὸς
617 3032 696 3115 τοδς
708 3042 842 3124 Θρᾷκας
852 3037 908 3105 καὶ
919 3032 1003 3119 πρδς
1014 3032 1121 3122 Ἀθη-

168 3132 319 3217 νόδωρον
330 3132 506 3219 ἐποιήσατο
513 3134 687 3223 συνθήκας
696 3130 777 3219 μετὰ
787 3141 892 3203 ταῦτα
903 3130 1122 3222 ὁΚερσοβλέ·

168 3255 258 3318 πτης,
274 3234 357 3320 λέγε.

508 3355 760 3418 ΣῬΝΘΗΚΑΙ.

106 3462 157 3518 176
253 3466 364 3528 Ταῦτα
382 3470 497 3532 τοίνυν
515 3463 648 3552 γράψας1
666 3467 723 3535 καί
741 3469 947 3553 συνθέμενος
953 3469 1039 3553 ,καί
1057 3463 1122 3535 τδν
