2370 3854
292 259 434 320 ΚΑΤΑ
458 260 859 326 ΤΙΜΟΚΡΑΤΟΤΣ.
986 267 1048 330 219

95 437 194 486 κασιν
214 418 265 488 ότι
276 426 502 507 συμφέροντες
519 418 600 506 ὑμῖν
617 427 697 507 εἰσι,
717 425 773 492 καὶ
790 421 899 504 οὐδεὶς
916 431 1048 496 πώποτε

94 512 228 585 άντείπε
248 516 293 606 μή
318 517 359 587 οὐ
381 525 490 598 καλοῖς
510 523 596 604 ἔχειν
615 516 747 601 αὐτούς.
780 521 928 605 εἰκότως·
949 522 1049 595 οὐδέν

93 611 157 700 γάρ
171 613 264 702 άμὸν
274 614 353 685 οὐδὲ
368 622 480 704 βίαιον
497 615 570 684 οὐδ’
592 614 807 705 ὀλιγαρχικὸν
823 623 1050 707 προστάττου-

94 732 165 800 σιν,
188 711 272 783 άλλά
289 711 488 784 τούναντίον
499 715 608 783 πάντα
619 718 868 806 φιλανθρώπως
878 723 934 789 καί
945 727 1050 808 δημο-

50 819 191 891 θοτικοῑς
208 812 372 899 φράζουσι
388 814 553 899 πράττειν.
586 817 641 883 καὶ
658 825 793 901 πρῶτον
811 820 872 904 μὲν
889 818 944 905 ἐφ’
968 819 1049 906 ὑμῖν

94 915 254 998 ἐποίησαν
273 918 550 1000 διαχειροτονίαν,
572 913 714 1000 πότερον
726 920 901 996 εἰσοιστέος
912 919 1049 987 έστίνό-

93 1036 154 1096 μος
165 1007 311 1098 καινόςή
322 1017 481 1080 δοκοῦσιν
491 1009 606 1096 άρκεῑν
617 1017 651 1082 οἰ
664 1020 824 1100 κείμενοι·
847 1014 928 1103 μετά
945 1025 1049 1085 ταῦτα

95 1106 126 1175 δ’
150 1105 194 1176 άν
220 1111 469 1198 χειροτονήσητε
497 1113 679 1198 εἰσφέρειν,
708 1111 771 1180 οὐκ
793 1111 900 1195 εὐθὺς
920 1119 1050 1183 τιθέναι

93 1213 308 1295 προσέταξαν,
322 1207 404 1277 άίλά
415 1207 476 1295 τήν
486 1216 599 1294 τρίτην
611 1207 785 1290 ἀπέδειξαν
795 1213 981 1304 ἐκκλησίαν,
995 1219 1050 1281 καί

94 1304 168 1375 οὐδ’
193 1312 229 1375 έν
250 1308 354 1396 ταότη
375 1309 506 1374 τιθέναι
527 1306 725 1393 δεδώκασιν,
755 1306 840 1376 άλλά
862 1313 1050 1392 σκέψασθαι

93 1404 174 1474 καθ’
195 1404 215 1474 ό
232 1433 264 1473 τι
274 1405 353 1485 τούς
368 1409 554 1491 νομοθέτας
569 1416 725 1474 καθιεῖτε.
760 1411 798 1474 έν
817 1407 853 1475 δὲ
866 1417 914 1498 τῷ
929 1398 1112 1494 petamus

92 1503 203 1592 χρόνω
221 1502 328 1593 τούτω
347 1505 552 1588 προσέταξαν
569 1519 637 1584 τοῖς
652 1509 869 1592 βουλομένοις
885 1513 1050 1594 εἰσφέρειν

93 1606 262 1671 ἐκτιθέναι
278 1601 358 1683 τούς
367 1601 492 1690 νόμους
502 1604 655 1691 πρόσθεν
665 1610 734 1672 τῶν
745 1606 948 1692 ἐπωνύμων,
969 1601 1047 1676 ἵν’ὁ

92 1701 297 1788 βουλόμενος
308 1706 482 1789 σκέψηται,
499 1698 565 1771 κάν
576 1701 777 1790 άσόμφορον
787 1701 869 1789 ὑμῖν
879 1709 995 1794 κατίδη
1006 1734 1047 1790 τι,

51 1800 206 1890 ηςφράση
224 1801 379 1870 καὶκατὰ
397 1799 520 1889 σχολήν
538 1799 684 1891 άντείπη.
715 1801 845 1871 τούτων
860 1805 974 1889 μέντοι
991 1829 1048 1874 το-

93 1901 224 1968 σούτων
250 1899 360 1969 όντων
385 1897 486 1970 οὐδέν
507 1908 666 1989 πεποίηκε
690 1903 897 1990 Τιμοκράτης
918 1902 1046 1973 οὑτοσί·

93 1997 170 2066 οὔτε
181 1996 246 2084 χάρ
257 2003 393 2086 ἐξέθηκε
404 2001 464 2068 τόν
474 1999 581 2087 νόμον
586 2050 597 2086 ,
618 1998 691 2068 οὔτ’
704 2007 839 2090 ἔδωκεν,
852 2014 886 2072 εἰ
891 2030 939 2083 τις
949 2003 1049 2090 έβοό-

92 2106 166 2166 λετο
184 2097 352 2184 ἀναγνοὺς
368 2097 550 2185 ἀντειπεῖν,
573 2097 646 2167 οὔτ’
665 2096 838 2187 άνέμεινεν
848 2099 970 2171 οὐδένα
981 2109 1049 2168 τῶν

93 2198 302 2283 τεταγμένων
318 2196 449 2282 χρόνων
467 2201 504 2264 έν
520 2210 589 2276 τοϊς
606 2197 737 2283 νόμοις,
763 2196 846 2267 άίλά
863 2207 921 2286 τής
932 2203 1050 2283 ἐκκλη-

92 2305 181 2382 σίας,
200 2288 357 2383 ένήτοδς
366 2296 491 2380 νόμους
501 2295 825 2380 ἐπεχειροτονήσατε,
842 2294 945 2380 οὔσης
956 2297 1049 2362 ἕνδευ

91 2395 175 2481 κοίτη
194 2401 256 2460 τοῦ
273 2395 539 2480 ἑκατομβαιῶνος
550 2391 669 2479 μηνὸς,
693 2394 862 2483 δωδεκάτη
873 2394 933 2461 τόν
944 2393 1049 2479 νόμον

93 2490 299 2577 εἰσήνεγκεν,
312 2488 418 2570 εὖθάς
428 2499 469 2579 τῇ
479 2489 652 2580 ὑστεραία,
664 2492 720 2559 καὶ
730 2489 825 2559 ταῦτ’
836 2490 946 2560 όντων
956 2499 1049 2576 Κρο-

92 2596 176 2658 νίων
191 2593 247 2658 καὶ
264 2586 319 2657 διὰ
335 2586 428 2657 ταῦτ’
441 2587 619 2676 ἀφειμένης
629 2596 687 2676 τής
697 2598 836 2678 βονίής,
861 2592 1043 2677 διαπραξά-

94 2715 192 2774 μενος
207 2686 289 2775 μετά
306 2696 375 2756 τοόν
392 2684 474 2775 ὑμῖν
486 2687 771 2776 ἐπιβουλευόντων
781 2696 979 2771 καθίζεσθαι
989 2718 1048 2759 νο-

95 2787 238 2872 μοθέτας
266 2785 320 2854 διά
347 2793 557 2874 ψηφίσματος
577 2789 629 2856 έπί
649 2795 690 2876 τῇ
709 2794 777 2855 ταῖν
797 2794 1049 2875 Παναθηναίων

52 2903 87 2958 27
95 2883 268 2971 προφάσει.
291 2884 456 2973 βούλομαι
468 2883 496 2954 δ’
509 2883 588 2972 ὑμῖν
598 2882 635 2953 τό
650 2883 790 2972 ψήφισμ’
802 2883 883 2955 αότδ
895 2883 1049 2972 άναχνιθ-

94 3009 151 3049 ναι
161 2978 198 3048 τό
212 2988 367 3069 νικήσων,
379 2983 426 3052 ἵν’
438 2981 547 3071 εἰδῆθ’
562 2983 613 3052 ότι
624 2985 732 3052 πάντα
744 2986 983 3070 συνταξάμενοι
994 2988 1048 3053 καί
1109 3022 1113 3031 ·

95 3077 194 3149 οὐδέν
207 3079 272 3148 άπὸ
283 3083 493 3169 ταυτομάτον
503 3083 632 3150 τούτων
645 3089 813 3167 ἔπραττον.
843 3084 923 3170 λαβέ
933 3086 970 3151 τὸ
983 3085 1048 3170 ψήσ

95 3178 191 3267 φισμ’
204 3177 316 3257 αὐτοῖς
326 3184 382 3249 καί
392 3179 623 3268 άναχίχνωσκε
635 3181 688 3248 σά.

452 3301 684 3364 ΨΗΦΙΣΜΑ.

221 3390 295 3479 [Ἐπὶ
306 3402 356 3476 τῆς
367 3400 565 3474 Πανδιονίδος
572 3393 688 3501 πραότης
694 3442 703 3477 ,
726 3391 866 3483 ἑνδεκάτη
876 3401 927 3478 τῆς
937 3418 1047 3480 πρυτα-

137 3482 231 3562 νείας,
251 3474 427 3563 Ἐπικράτης
445 3477 540 3562 εἶπεν,
563 3477 642 3556 ὅπως
658 3506 697 3543 αν
716 3472 753 3543 τά
771 3473 956 3564 ίεράθόηται
967 3474 1056 3555 καὶὴ
