2370 3854
135 213 178 278 ³2
355 219 415 274 XX.
447 215 871 276 ΔΗΜΟΣΘΕΝΟΤΣ

136 385 170 446 εί
175 400 224 456 τις
233 374 361 462 φαῦλός
374 379 442 446 ἐστι
451 383 519 444 τῶν
531 371 724 461 εὑρημένων
732 375 795 461 τήν
812 374 957 461 δωρεάν,
980 375 1092 462 ἐχέτω,

137 472 210 543 ἀλλ’
231 479 298 564 ίδίφ
314 471 397 543 κατά
413 472 510 542 τόνδε
519 474 672 561 κραθήτω
681 471 741 542 τόν
752 473 867 560 νόμον.
900 479 931 542 εί
940 472 977 543 δέ
986 481 1093 543 ταῦτα

137 573 258 659 λόγους
273 575 329 640 καὶ
345 579 510 660 φλυαρίας
527 570 613 640 εἶναι
624 573 739 659 φήσει,
756 571 865 641 έκείνό
875 571 908 658 γ’
923 570 965 641 06
976 574 1091 660 λόγος·

137 669 237 750 αὐτὸς
255 674 361 758 θέτω,
384 672 440 740 καὶ
463 669 508 758 μή
531 674 650 757 λεγέτω
671 677 787 757 τοῦτο,
810 670 854 750 ἀς
876 668 918 740 06
940 672 1093 759 θήσομεν

135 768 236 859 ἡμεῖς.
268 772 406 839 κάλλιον
424 774 460 838 δὲ
478 770 587 856 δήπου
605 765 738 855 τόνῦφῗ
750 766 847 857 ὑμῶν
859 772 1020 857 κριθέντα
1030 796 1094 838 κα-

136 880 202 950 λοῦς
225 877 311 956 ἔχειν
330 869 439 957 νόμον
460 874 625 957 εἰσφέρειν
644 864 667 955 ή
685 867 725 936 δν
747 875 814 936 νῦν
830 865 890 954 ἀφ’
915 865 1022 937 αὑτοῦ
1042 874 1093 936 τί·

137 979 248 1057 θησαν.

77 1082 129 1137 λολ
220 1066 309 1154 Ἐμοὶ
320 1064 364 1151 δ’,
378 1059 537 1153 ἀάνδρες
545 1064 731 1152 Ἀθηναῖοι,
744 1068 838 1132 δοκεῖ
847 1069 1011 1152 Λεπτίνης
1021 1071 1098 1149 (καί

139 1194 195 1254 μοι
211 1167 314 1254 μηδὲν
331 1162 514 1290 ὀργισθῇς·
533 1163 635 1234 οὐδὲν
650 1162 715 1251 γὰρ
733 1172 889 1251 φλαῦρον
908 1167 975 1250 ἐροῦ
998 1169 1093 1252 σε)η
1079 1161 1094 1187 “

28 1255 41 1274 ’
139 1264 201 1334 οὐκ
216 1263 442 1388 ἀνεγνωκέναι
456 1262 534 1344 τοός
543 1263 702 1345 Σόλωνος
711 1264 837 1351 νόμους
847 1258 870 1350 ή
879 1260 922 1331 οῦ
933 1268 1092 1332 συνιέναι

139 1371 169 1434 ελ
183 1362 248 1453 γὰρ
267 1390 285 1433 ο
274 1362 387 1456 μέν
380 1363 503 1432 Σόλων
523 1368 625 1450 έθηκε
646 1362 754 1448 νόμον
775 1363 894 1443 ἐξεῖναι
914 1363 1089 1430 δοῦναι
1053 1389 1094 1431 τα
1122 1405 1126 1413 ·

139 1456 302 1532 ἑαυτοῦ
272 1491 299 1554 φ
309 1463 355 1532 ἄν
365 1491 413 1543 τις
423 1463 601 1550 βούληται,
624 1459 684 1530 έάν
694 1488 738 1548 μη
728 1452 906 1539 παῖδες
878 1478 940 1529 ωσι
946 1460 1092 1582 γνήσιοι,

140 1560 200 1648 οὐχ
220 1560 264 1629 ιν’
289 1560 499 1689 ἀποστερήσῃ
520 1559 599 1639 τοῦς
620 1561 788 1645 ἐγγυτάτω
810 1561 900 1645 γένει
920 1566 978 1647 τῆς
1000 1557 1094 1645 ἀγχι-

141 1666 264 1746 στείας,
286 1657 394 1728 ἀλλ’“
378 1687 412 1728 ιν
414 1657 491 1739 ἐίς
507 1657 544 1727 τό
561 1662 665 1746 μέσον
679 1660 836 1738 καταθεις
849 1659 912 1743 τήν
929 1656 1095 1746 ἀφέλειαν

79 1772 130 1826 103
139 1761 323 1847 ἐφάμιλλον
339 1758 460 1848 ποιήση
476 1757 514 1826 τό
533 1773 641 1827 ποιεῖν
657 1754 821 1846 ἀλλήλους
833 1750 888 1843 εὖ,
912 1758 956 1826 σύ
967 1758 1002 1827 δέ
1012 1755 1095 1826 νοό-

141 1863 276 1926 ναντίον
293 1858 504 1948 εἰσενήνοχας
519 1856 564 1944 μή
582 1860 702 1938 ἐξεῖναι
717 1865 766 1947 τῷ
782 1856 877 1949 δήμφ
893 1866 961 1927 τῶν
972 1859 1095 1927 ἑαυτοῦ

141 1962 259 2024 δοῦναι
275 1958 392 2042 μηδενὶ
407 1959 525 2042 μηδὲν,
548 1963 618 2036 πῶς
629 1958 669 2025 σέ
677 1983 727 2038 τις
737 1957 836 2045 φήσει
847 1955 925 2037 τοῦς
934 1958 1093 2035 Σόλωνος

140 2054 365 2140 ἀνεγνωκέναι
374 2051 533 2142 νόμουςή
544 2059 708 2137 συνιέντα
729 2054 767 2135 ὃς
778 2063 903 2144 ἔρημον
913 2070 1016 2135 ποιεῖς
1032 2054 1093 2123 τόν

141 2157 248 2242 δῆμον
263 2159 332 2224 τῶν
346 2159 672 2244 φιλοτιμησομένων,
695 2157 868 2242 προλέγων
885 2157 940 2223 καί
961 2150 1094 2236 δεικνάς

139 2252 191 2322 ότι
207 2268 275 2333 τοῖς
292 2253 427 2341 ἀγαθόν
443 2281 475 2322 τι
492 2262 648 2324 ποιοῦσιν
664 2252 738 2324 οὐδ’
753 2251 867 2324 ὁτιοῦν
879 2258 1090 2323 έσταιπλέον.

79 2366 132 2422 104
141 2355 196 2421 καὶ
213 2351 280 2440 μήν
298 2353 450 2435 κάκεῖνος
466 2362 534 2423 των
549 2363 659 2435 καλῶς
676 2357 871 2425 δοκούντων
881 2359 967 2440 ἔχειν
977 2353 1092 2439 νόμων

141 2451 300 2529 Σόλωνός
316 2455 400 2535 ἐστι,
422 2478 466 2537 μη
457 2453 593 2535 λέγειν
609 2462 719 2530 κακῶς
731 2450 792 2521 τὸν
804 2461 989 2535 τεθνεωτα,
1013 2448 1089 2535 μηδ’

140 2545 185 2616 ἀν
200 2545 265 2614 ὑπό
285 2555 355 2615 τῶν
373 2553 442 2617 έκεέ
427 2555 502 2617 ένον
518 2576 566 2628 τις
583 2549 690 2637 ἀκουή
707 2554 835 2617 παίδων
857 2545 973 2625 αάτός·
997 2546 1040 2614 σύ
1057 2547 1093 2613 δὲ

140 2662 253 2733 ποιεῖς,
265 2671 306 2714 ου
295 2642 421 2733 ’λέγεις
431 2653 540 2726 κακῶς
550 2644 630 2728 τούς
638 2646 910 2770 τετελεητηκότηις
919 2652 987 2713 τῶν
998 2642 1094 2730 εόερ-

139 2752 260 2830 γετῶν,
282 2754 330 2835 τῷ
347 2750 431 2814 δεῖνι
440 2770 653 2834 μεμφομενος
663 2744 765 2815 καὶ
728 2771 790 2814 τον
800 2741 883 2814 δεῖν
898 2743 1036 2827 αναξιον
1047 2745 1094 2814 ελ-

140 2870 196 2911 ναι
207 2844 363 2930 φασκων,
383 2870 436 2909 ων
447 2843 556 2924 ουδεὶς
567 2842 667 2914 ουδὲν
678 2849 816 2925 ἐκείνοις
827 2853 1004 2966 προσῆκεν.
1037 2839 1094 2930 ἀρ’

141 2968 182 3009 ου
172 2938 281 3009 ’πολὺ
293 2966 354 3008 του
341 2941 522 3022 Σόλωνος
533 2941 726 3024 ἀποστατεῖς
735 2970 775 3033 τη
786 2944 919 3032 γνόμη;

79 3053 129 3106 105
221 3040 322 3110 Πάνυ
343 3051 460 3110 τοίνυν
470 3047 601 3132 σπουδῇ
611 3070 659 3123 τις
675 3041 855 3166 ἀπήγγειλέ
867 3069 924 3131 μοι
941 3048 1016 3129 περὶ
1031 3049 1093 3111 τοῦ

141 3142 255 3226 μηδενὶ
267 3145 338 3209 δεῖν
347 3141 453 3227 μηδὲν
461 3139 606 3226 διδόναι,
617 3137 731 3229 μηδ’“
709 3169 752 3210 αν
762 3139 877 3211 ὁτιοῦν
868 3143 1011 3264 πράξη,
1023 3167 1094 3208 τοι-

142 3263 245 3307 ουτου
254 3265 285 3307 τι
295 3245 404 3327 λέγειν
415 3238 538 3319 αυτους
549 3239 878 3327 παρεσκευασθαι,
855 3269 899 3320 ως
910 3265 953 3328 αρ
958 3238 1014 3309 οί
1022 3247 1092 3308 Λα

141 3339 345 3424 κεδαιμόνιοι
361 3349 468 3420 καλῶς
485 3340 734 3429 πολιτευόμενοι
750 3343 805 3409 καί
823 3347 963 3428 Θηβαῖοι
979 3337 1093 3406 οὐδενὶ
1103 3356 1136 3409 48

141 3445 209 3504 τῶν
228 3434 307 3524 παρ’
331 3438 458 3518 ἑαυτοῖς
477 3440 606 3509 διδόασι
625 3438 782 3526 τοιαότην
801 3437 962 3525 οὐδεμίαν
977 3437 1091 3524 τιμήν·
