2370 3854
341 229 484 290 ΠΡΟΣ
502 225 791 288 ΛΛΚΡΙΤΟΝ.
981 223 1044 288 405

93 398 210 480 κρίτον
227 396 371 478 πονηρία
387 388 523 475 τοιαύτη
541 389 646 456 ἐστίν·
670 386 739 481 ,ἐχῶ
759 382 791 454 δ’
803 384 900 472 ὑμῶν
919 387 1044 473 δέομαι,

18 496 27 511 “
94 484 256 578 ῶάυδρες
275 490 443 573 δικασταί,
466 485 627 565 εὐνοϊκῶς
648 485 797 552 ἀκοῦσαί
809 510 875 569 μου
892 486 1045 568 περὶτοῦ

93 589 284 676 πράγματος
298 593 449 657 τουτονί·
477 579 544 653 κάν
561 587 714 671 ἐξελέγξω
736 581 842 653 αὐτὸν
863 581 1046 653 ἀδικοῦντα

92 687 179 775 ἡμᾶς
189 714 224 756 τε
234 686 314 767 τοῶς
326 692 541 764 δανείσαντας
552 685 608 752 καὶ
617 681 705 770 ἀμάς
715 681 817 752 οὐδὲν
828 674 944 770 ήττον,
961 691 1046 770 βοη-

92 797 184 856 θεῖτε
196 783 275 872 ἡμῖν
285 783 326 852 τά
341 789 462 853 δίκαια.
1122 873 1123 877 ¹

61 897 79 949 6
174 882 257 970 Ἐγῶ
279 881 362 971 γάρ,
386 876 413 951 ῶ
434 884 555 969 ἀνδρες
577 885 742 969 δικασταὶ,
765 880 865 963 αὐτὸς
886 884 946 969 μὲν
968 880 1044 950 οὐδ’

93 983 284 1053 ὁπωστιοῦν
295 979 936 1069 ἐχνῶριζοντούςάνθρῶπουςτοάτονς·
955 989 1046 1067 Θρα-

93 1084 242 1170 συμήδης
255 1081 287 1152 δ’
300 1081 318 1151 ὁ
329 1081 528 1169 Διοφάντου
540 1079 629 1167 υίὸς,
648 1087 779 1150 ἐκείνου
788 1089 850 1151 τοῦ
860 1088 1043 1170 Σφηττίου,
1055 1098 1104 1156 9κε

91 1185 146 1252 καὶ
156 1183 367 1261 Μελάνωπος
385 1180 403 1250 ὁ
422 1179 567 1266 ἀδελφάς
584 1179 691 1247 αὐτοῦ
708 1179 888 1266 ἐπιτήδειοί
899 1185 960 1265 μοί
972 1184 1045 1262 είσι,

91 1284 148 1350 καὶ
157 1280 301 1369 χρώμεθ’
313 1279 467 1367 ἀλλήλοις
479 1278 524 1358 ῶς
535 1275 656 1347 οἷόντε
667 1279 817 1365 μάλιστα.
835 1270 929 1347 οὖτοι
939 1297 1043 1362 προσ-

92 1380 203 1464 ῆλθόν
219 1404 277 1463 μοι
297 1375 378 1464 μετὰ
402 1384 570 1465 Λακρίτου
591 1379 743 1463 τουτουὶ,
767 1373 899 1446 ὁπόθεν
921 1378 1044 1462 δήποτε

60 1488 75 1542 7
92 1476 328 1562 ἐγνωρισμένοι
343 1476 451 1565 τοάτφ
470 1472 527 1564 (οὐ
541 1473 607 1561 χάρ
623 1474 731 1564 οἶδα),
754 1478 809 1543 καὶ
827 1475 961 1545 ἐδέοντό
978 1503 1044 1563 μου

92 1580 241 1642 δανεῖσαι
250 1571 384 1662 χρήματ’
396 1581 443 1654 είς
458 1572 519 1645 τὸν
528 1574 662 1644 Πόντον
675 1572 854 1663 Ἀρτέμωνι
863 1581 910 1644 τῶ
920 1574 1043 1645 τούτου

91 1672 228 1762 ἀδελφῷ
238 1669 557 1763 καίἏποίλοδῶρφ,
570 1672 661 1754 ὅπως
671 1669 716 1742 ἀν
728 1679 858 1760 ἐνεργοί
869 1694 953 1743 ωσιν
960 1725 969 1759 ,
982 1671 1043 1744 οὐ·

92 1772 150 1840 δὲν
160 1769 265 1856 είδῶς,
278 1763 307 1838 ῶ
317 1770 438 1857 ἀνδρες
449 1775 615 1861 δικασταὶ,
627 1772 700 1843 οὐδ’
714 1770 733 1842 ὅ
747 1774 971 1860 Θρασυμήδης
980 1770 1043 1859 τήν

91 1870 221 1938 τούτων
241 1877 423 1957 πονηρίαν,
447 1870 515 1942 ἀλλ’
534 1872 686 1960 οίόμενος
705 1871 791 1941 εἶναι
811 1875 962 1952 ἐπιεικεῖς
981 1871 1043 1940 ἀν-

90 1967 251 2052 θρῶπους
262 1972 318 2038 καὶ
329 1966 455 2056 οἷοίπερ
467 1980 730 2057 προσεποιοῦντο
741 1974 797 2041 καὶ
807 1977 936 2058 ἔφασαν
948 1972 1041 2053 εἶναι,

91 2072 147 2135 καὶ
166 2065 353 2155 ήχοάμενος
374 2070 526 2157 ποιήσειν
547 2067 671 2148 αὐτούς
691 2071 801 2138 πάντα
822 2068 947 2154 ὅσαπερ
964 2067 1036 2135 ὑπι-

63 2181 219 2250 εσχνεῐτο
236 2170 291 2235 καὶ
309 2167 478 2252 ἀνεδέχετο
496 2168 660 2253 Λάκριτος
677 2165 802 2236 οδτοσί.
834 2175 990 2235 πλεῖστον
1008 2165 1040 2234 δ’

44 2322 45 2329 ,
89 2256 422 2349 ἀρ’ήνέψενσμίνος,
441 2267 496 2331 καί
507 2263 607 2333 οὐδὲν
617 2265 690 2353 ήδει
700 2269 782 2344 οἵοις
792 2273 925 2351 θηρίοις
941 2270 1037 2352 ἐπλη-

89 2365 176 2440 σίαζε
187 2375 255 2438 τοῖς
266 2357 609 2446 ἀνθρώποιςτοάτοις.
637 2361 731 2450 κάχῶ
742 2366 890 2444 πεισθεὶς
901 2362 966 2432 ὑπὸ
978 2371 1039 2433 τοῦ

90 2457 333 2547 Θρασυμήδους
348 2461 403 2527 καὶ
420 2467 482 2526 τοῶ
499 2457 649 2547 ἀδελφοῦ
661 2458 784 2550 αὐτοῦ,
806 2466 861 2532 καὶ
871 2470 1038 2551 Λακρίτου

88 2561 223 2627 τουτουὶ
243 2556 490 2653 ἀναδεχομένου
511 2585 568 2644 μοι
589 2559 684 2629 πάντ’
707 2569 844 2631 ἔσεσθαι
867 2561 907 2632 κά
929 2569 1037 2632 δίκαια

89 2659 179 2743 παρὰ
196 2667 264 2726 τῶν
280 2654 437 2744 ἀδελφῶν
452 2664 521 2724 τῶν
531 2653 654 2744 αὑτοῦ,
671 2661 826 2730 ἐδάνεισα
843 2660 922 2747 μετά
942 2667 1039 2742 ξένον

87 2756 178 2836 τινὸς
187 2755 350 2844 ἡμετέρου
359 2763 554 2842 Καρυστίου
571 2759 748 2843 τριάκοντα
765 2768 850 2847 μνάς
865 2759 1037 2845 ἀργυρίου.

61 2855 252 2942 9βοάλομαι
270 2849 349 2941 οὖν,
376 2849 404 2924 ῶ
424 2855 543 2942 ἀνδρες
566 2861 732 2945 δικασταὶ,
760 2868 818 2946 τῆς
845 2868 1042 2947 σνχχραφής

89 2952 231 3022 ἀκοῦσαι
247 2951 335 3039 ὑμᾶς
352 2964 502 3042 πρῶτον,
522 2955 599 3024 καθ’
610 2954 653 3044 ἣν
669 2961 885 3045 ἐδανείσαμεν
901 2958 942 3026 τά
957 2959 1042 3045 χρή-

88 3080 184 3139 ματα,
203 3054 258 3120 καὶ
269 3061 339 3120 τῶν
349 3055 530 3141 μαρτύρων
541 3064 610 3123 τῶν
630 3060 909 3143 παραγενομένων
920 3063 965 3147 τῶ
979 3061 1040 3124 δα-
1157 3088 1161 3094 ·

87 3161 254 3238 νείσματι·
288 3158 399 3221 ἔπειτα
420 3157 495 3239 περὶ
517 3163 585 3223 τῶν
606 3156 717 3224 ἀλλων
739 3160 957 3242 ἐπιδείξομεν,
985 3150 1041 3224 οἷα

88 3250 353 3338 ἐτοιχωρύχησαν
364 3243 457 3322 οὗτοι
475 3253 596 3340 περὶτὰ
609 3256 752 3324 δάνειον.
783 3260 856 3343 λάχε
875 3253 937 3343 τήν
954 3273 1039 3340 ‹rvya

87 3349 233 3441 γραφήν,
246 3349 314 3422 εἶτα
324 3349 383 3431 τάς
393 3361 584 3441 μαρτυρίας.
