2370 3854
125 212 188 276 152
326 217 419 286 xxm.
458 210 877 274 AHMomNom

123 374 202 453 τούς
218 373 352 461 νόμους.
387 371 449 441 τίν’
470 365 535 440 οὖν
552 375 620 438 ἐστι
637 380 757 453 νεάτας
781 369 803 439 ἃ
820 382 898 442 νννὶ
911 379 1082 463 γέγραφεν

124 469 245 540 οὑτοσί.
270 475 450 559 γέγραπται
461 470 525 556 γάρ
536 475 574 538 ἐν
583 472 699 560 μὲντβ
710 471 804 563 νόμω
815 498 878 558 την
887 473 1017 562 βουλὴν
1030 480 1083 545 δι-
1114 542 1118 548 .

123 573 235 653 κάζειν
245 571 356 658 φόνου
368 573 423 639 καὶ
432 569 619 657 τραύματος
630 573 665 637 ἐκ
676 577 837 655 προνοίας
850 573 906 640 καὶ
917 582 1082 660 πυρκαϊᾶς

81 679 114 730 25
123 671 178 740 καὶ
189 667 392 756 φαρμάκων,
405 668 466 736 έάν
475 696 524 747 τις
534 667 712 757 ἀποκτείνῃ
724 669 813 749 δοάς.
843 674 898 738 καὶ
909 670 1081 756 προειπών

122 766 297 847 ὁθεὶςτὸν
314 768 421 854 νόμον
433 764 514 835 “ίάν
532 765 746 856 άποκτείνῃ,”
768 776 881 852 κρίσιν
899 779 1080 860 πεποίηκεν

122 869 227 955 ὅμως,
250 865 292 935 οὐ
310 868 473 953 πρότερον
490 877 522 934 τί
538 864 600 952 χρη
613 868 750 953 πάσχειν
761 865 822 935 τόν
834 867 1020 954 δεδρακότα
1031 881 1080 940 εδ-

123 975 340 1054 ρηκε,καλως,
350 958 376 1033 ά
388 963 508 1052 άνδρες
515 963 696 1051 Ἀθηναῖοι,
704 964 801 1034 τοῦδ’
813 963 899 1054 ὑπὲρ
911 967 1080 1057 εὐσεβείας

123 1067 202 1153 ὅλης
213 1075 270 1152 τῆς
281 1064 408 1143 πόλεως
419 1065 577 1152 προϊδών.
612 1071 697 1146 πῶς;
714 1062 777 1132 οὐκ
789 1070 918 1134 ἔνεστιν
930 1065 1080 1147 ἅπαντας

121 1164 207 1252 ἡμᾶς
224 1168 347 1233 είδέναι
365 1172 412 1244 τίς
429 1162 503 1233 ποτ’
523 1166 614 1233 ἐστὶν
631 1161 881 1252 ὁάνδροφόνος.
914 1163 952 1232 τὸ
964 1169 1027 1251 μὲν
1038 1166 1078 1254 δὴ

121 1265 309 1333 τὰτοιαῦτα
322 1262 406 1333 άνεν
417 1269 557 1349 κρίσεως
568 1263 753 1349 πιστεύειν,
772 1262 816 1331 άν
826 1288 876 1342 τις
886 1264 1080 1352 ἐπαιτιάση-

121 1391 191 1450 ται,
214 1360 463 1450 δεινόνὴγεῖτο,
486 1367 556 1430 δεῖν
574 1359 607 1428 δ’
626 1360 877 1448 ὑπελάμβανεν,
902 1362 1080 1450 ἐπειδήπερ

120 1461 214 1550 ἡμεῖς
222 1462 453 1549 τιμωρήσομεν
462 1470 511 1550 τῷ
521 1463 724 1547 πεπονθότι,
747 1469 928 1546 πεισθῆναι
946 1464 1003 1530 καὶ
1014 1488 1080 1548 μα-

120 1574 198 1630 θεῖν
208 1559 295 1647 ἡμεῖς
307 1563 566 1647 διδασκομένους
578 1558 622 1638 ὡς
638 1563 791 1643 δέδρακε·
814 1567 998 1646 τηνικαῦτα
1014 1558 1079 1647 γάρ

123 1658 256 1747 εὐσεβὲς
273 1658 336 1746 ἤδη
355 1660 507 1741 κολάζειν
524 1661 649 1728 εἰδόσιν
667 1659 768 1746 εἶναι,
791 1660 958 1748 πρότερον
975 1658 1006 1727 δ’
1027 1659 1078 1728 οὔ.

79 1763 177 1828 λδκαὶ
194 1765 241 1827 έτι
258 1758 342 1847 πρὸς
359 1760 467 1849 τούτῳ
486 1764 678 1844 διελογίζετο
695 1755 747 1826 ὅτι
765 1757 874 1827 πάντα
891 1758 932 1827 τά
942 1766 1081 1827 τοιαῦτα

120 1856 286 1946 ὀνόματα,
306 1854 379 1927 οἷον
389 1859 449 1928 ἐάν
459 1886 507 1938 τις
518 1855 712 1947 ἀποκτείνῃ,
735 1857 795 1925 ἐάν
806 1884 854 1936 τις
866 1860 1078 1946 ἱεροσυλήσῃ,

120 1958 181 2024 ἐάν
206 1983 256 2036 τις
278 1961 410 2046 προδῷ,
433 1961 488 2026 καὶ
508 1961 548 2025 τὰ
570 1966 707 2027 τοιαῦτα
727 1962 837 2027 πάντα
853 1958 917 2044 πρὸ
936 1959 1000 2045 μὲν
1016 1964 1079 2027 τοῦ

119 2064 231 2140 κρίσιν
240 2059 398 2142 γενέσθαι
408 2063 523 2125 αίτιων
534 2053 682 2143 ὀνόματά
693 2059 797 2142 ἐστιν,
810 2051 946 2124 ἐπειδάν
956 2054 993 2122 δὲ
1004 2078 1080 2140 κρι-

119 2163 192 2235 θείς
203 2182 252 2234 τις
263 2159 454 2243 ἐξελεγχθῇ,
466 2164 648 2243 τηνικαῦτα
659 2155 1011 2242 άδικήματαγίγνεται.
1035 2150 1078 2222 οὐ

120 2254 161 2341 δὴ
173 2261 244 2324 δεῖν
255 2255 336 2344 ᾡέτο
347 2263 396 2345 τῷ
405 2262 464 2343 τῆς
474 2262 578 2334 αἰτίας
588 2252 726 2342 ὀνόματι
736 2261 897 2342 τιμωρίαν
906 2254 1079 2340 προσγρά-
1087 2269 1121 2326 θλ

120 2380 214 2440 φειν,
238 2352 323 2422 ἄλλά
340 2361 458 2441 κρίσιν.
493 2358 548 2423 καὶ
565 2353 620 2423 διὰ
636 2363 758 2442 ταῦτα,
782 2354 826 2422 άν
836 2381 886 2434 τις
897 2353 1079 2442 ἀποκτείνῃ

120 2453 211 2540 τινά,
235 2451 297 2539 την
314 2454 443 2540 βουλὴν
454 2455 598 2534 δικάζειν
608 2460 749 2538 ἔγραψε,
771 2456 825 2523 καὶ
837 2450 898 2540 οὐχ
908 2453 1012 2539 άπερ,
1034 2448 1079 2520 άν

76 2560 111 2617 27
122 2549 209 2640 ἁλῷ,
222 2559 345 2618 παθεῖν
355 2550 416 2637 χρη
431 2549 532 2620 εἶπεν.
554 2550 571 2617 ὁ
584 2551 645 2637 μὲν
657 2550 697 2639 δὴ
709 2552 770 2620 τὸν
781 2552 888 2640 νόμον
898 2553 1004 2630 τιθείς
1015 2549 1079 2620 οὕ-

120 2676 200 2736 τως,
213 2646 231 2717 ὁ
246 2650 281 2718 δὲ
292 2648 329 2717 τὸ
341 2649 494 2737 ψήφισμα
505 2651 647 2736 γράφων
657 2659 744 2735 πάςς
756 2651 815 2721 έάν
825 2678 875 2730 τις
884 2648 1076 2738 ἀποκτείνῃ,

120 2749 219 2834 φησι,
241 2753 444 2834 Χαρίδημον.
478 2750 540 2836 τὴν
555 2753 617 2836 μὲν
635 2752 675 2838 δὴ
695 2756 922 2840 προσηγορίαν
937 2759 1001 2819 τοῦ
1011 2749 1078 2818 πά-

119 2857 206 2925 θονς
216 2846 279 2932 την
291 2844 397 2934 αὐτὴν
409 2850 601 2936 ἐποιήσατο,
624 2850 667 2919 άν
683 2879 733 2931 τις
744 2849 923 2936 άποκτείνῃ
932 2848 1077 2935 γράψας,

117 2944 224 3031 ἥνπερ
235 2941 253 3014 ὁ
265 2944 325 3013 τὸν
337 2947 444 3033 νόμον
453 2958 572 3028 τιθείς·
585 2949 666 3037 μετὰ
675 2959 780 3019 ταῦτα
791 2950 827 3018 δὲ
838 2947 951 3020 οὐκέτι
960 2945 1076 3034 ταύτά,

118 3042 192 3112 ἀλλ’
205 3041 336 3113 άνελάν
352 3044 388 3113 τὸ
410 3051 506 3134 δίκην
522 3047 657 3135 ὑπέχειν
674 3047 846 3135 ἆγάγιμον
862 3045 969 3127 εὐθὺς
984 3051 1078 3116 ε’ποί-

117 3165 193 3229 ησε,
216 3147 270 3213 καὶ
287 3144 439 3234 παραβάς
455 3146 492 3215 τὸ
512 3150 730 3234 διωρισμένον
740 3151 776 3216 ἐκ
787 3156 849 3216 τοῦ
859 3147 968 3235 νόμον
980 3153 1076 3216 δικα-

118 3243 256 3328 στήριον
272 3245 410 3331 άκριτον
427 3261 495 3326 τοῖς
512 3249 795 3333 ἐπαιτιασαμένοις
806 3251 1001 3335 παρέδωκεν
1014 3245 1037 3317 ὅ
1044 3273 1077 3313 τι

118 3335 161 3407 άν
171 3341 359 3428 βούλωνται
369 3354 525 3433 χρῆσθαι,
537 3345 597 3413 τὸν
609 3344 671 3413 οὐδ
675 3344 683 3369 ’
698 3353 728 3415 εί
737 3350 898 3435 πεποίηκε’
906 3373 958 3416 πω
970 3371 1077 3434 φανε-

75 3448 110 3504 28
119 3439 190 3524 ρόν.
213 3443 268 3508 καὶ
278 3450 446 3530 λαβοῦσινν
453 3446 590 3525 ἐκείνοις
600 3447 725 3526 ἐξέσται
737 3455 933 3538 στρεβλοῦν,
945 3452 1077 3516 αἰκίσα-
