2370 3854
283 201 427 264 ΚΑΤΑ
446 199 912 264 ΑΡΙΣΤΟΚΡΑΊὍΤΣ.
1014 201 1076 267 183

113 360 228 450 έπειδιὶ
243 368 384 450 βεβαίως
399 360 546 449 ἡγήσατο
562 370 628 440 σοῖς
640 359 741 446 εἶναι,
764 360 825 447 οὐχ
836 362 929 444 ὅπως
939 360 1076 435 ἄποδά-

47 476 49 483 ’
114 483 167 530 σει
174 461 274 548 χάριν
283 460 493 529 ἐσπούδασεν
503 458 611 550 αὐτῷ,
625 463 680 528 καλ
691 457 775 545 πρδς
785 457 873 547 ὑμᾶς
884 460 928 529 δι’
942 464 1073 533 ἐκείνου

113 587 146 629 τι
155 559 402 645 φιλάνθρωπον
413 564 570 646 ἔπραξεν,
593 563 649 628 ἵνα
660 559 859 646 συγγνώμης
869 563 922 629 έπλ
933 577 1001 640 τοῖς
1012 587 1074 630 πε-

112 662 315 747 πραμμένοις
324 658 423 749 τάχη,
446 655 530 728 άλλά
542 666 611 727 πάν
621 656 820 727 τούναντίου
830 657 924 745 ἠξίου
936 659 997 745 μὲν
1008 659 1073 727 αὐ-

112 759 174 828 τὸν
195 767 454 845 συμπολιορκεῖν
474 758 515 826 τά
535 758 634 827 λοιπά
655 765 724 826 των
744 754 913 844 ὑμετέρων
928 765 1072 848 χωρίων,

50 871 105 931 132
113 854 177 926 οὖν
192 859 369 935 ἐθέλοντος
385 852 418 924 δ’
436 860 566 925 ἐκείνου
580 856 694 945 λαβών
707 853 808 935 αὐτὸς
822 855 885 944 τήν
895 881 931 924 τε
941 863 1071 944 βαρβα-

112 955 213 1043 ρικὴν
224 955 369 1042 δύναμιν
379 957 434 1023 καὶ
443 955 506 1042 τὴν
518 952 578 1023 ὑπ’
592 957 721 1024 ἐκείνου
734 956 1003 1041 συνειλεγμένην,
1015 958 1072 1025 καλ
1084 1038 1087 1042 ,

111 1054 173 1124 τὸν
198 1058 392 1140 Χαρίδημον
417 1062 538 1123 τοῦτον
565 1053 922 1142 προσμισθωσάμενος,
949 1059 1073 1139 προσέ-

70 1230 75 1236 ,
113 1161 216 1241 βαλλε
226 1167 295 1233 τολς
304 1152 475 1240 ὑμετέροις
485 1159 633 1240 χωρίοις,
656 1155 709 1220 καὶ
726 1158 772 1230 είς
782 1159 880 1220 τοῦτο
892 1155 1070 1240 κατέστησε
1082 1161 1133 1218 664

113 1249 175 1320 τὸυ
183 1249 371 1338 Ἰφικράτην
386 1249 526 1335 ἀπορίας
543 1248 626 1318 ὥστε
637 1249 830 1319 ἀπελθόντα
842 1251 1070 1330 είςἍυτισσαν

113 1356 217 1420 οίκεῖν
238 1353 294 1420 καὶ
315 1351 417 1419 πάλιν
436 1356 483 1429 είς
498 1358 613 1437 Δρῦν,
637 1346 826 1435 ἡγούμενον
849 1345 893 1427 άς
908 1352 970 1436 μέν
984 1349 1071 1437 ὑμᾶς

113 1448 188 1538 οάχλ
203 1458 312 1532 καλῶς
326 1457 411 1537 ἔχειν
426 1453 555 1535 ἐλθεῖν,
578 1445 638 1527 οδς
652 1445 812 1532 ὑστέρους
823 1451 996 1535 ἐπεποίητο
1007 1458 1069 1518 τοῦ

114 1549 247 1639 Θρακὸς
262 1553 317 1619 καί
332 1556 393 1618 τοῦ
403 1549 594 1638 βαρβάρου,
616 1545 696 1634 παρ’
710 1551 824 1639 ἐκείνω
836 1545 869 1615 δ’
881 1545 944 1616 οὐκ
956 1545 1070 1634 άσφα-

112 1648 166 1728 λές
177 1648 260 1716 εἶναι
271 1649 400 1736 μένειν,
413 1646 454 1718 δν
465 1647 571 1728 οὕτως
583 1646 811 1734 ὀλιγωροῦντα
822 1648 910 1735 ἕάρα
920 1657 978 1735 τῆς
990 1650 1070 1717 ἑαυ-

48 1763 99 1820 133
109 1755 172 1817 τοῦ
182 1753 353 1837 σωτηρίας.
386 1740 518 1834 άνοάν,
537 1739 891 1832 άάνδρεςἉθηναίοι,
912 1748 1069 1828 ααὶΚερ-

109 1849 291 1935 σοβλέπτης
302 1850 337 1914 έν
347 1855 405 1932 τῆς
414 1855 462 1937 τῷ
470 1847 650 1937 Χαριδήμῳ
663 1853 729 1915 νῦν
739 1845 851 1925 άδείας
861 1865 1068 1913 κατασκευα-

109 1948 246 2033 ζομένης
260 1943 417 2032 αὐξηθεὶς
433 1943 578 2036 ὀλνγωρῇ
593 1946 655 2033 μὲν
670 1949 819 2030 ἐκείνου,
839 1950 1012 2034 νεωτερίζῃ
1030 1946 1069 2015 δέ

110 2070 142 2112 τι
153 2046 208 2112 καὶ
218 2052 297 2134 κινῇ
307 2043 391 2132 πρὸς
401 2042 502 2132 ὑμᾶς,
526 2042 763 2132 έξαρκελτοῦθ’
777 2043 858 2132 ὑμῖν
863 2095 874 2130 ,
889 2044 948 2113 έάυ
959 2049 1066 2126 Χαρί-

110 2147 213 2229 δημος
227 2147 433 2234 ἐξαπατηθῇ,
454 2141 515 2213 τὸν
532 2151 648 2237 Θρᾷκρι
663 2143 801 2231 ἰσχυρὸν
816 2140 870 2229 ἐφ’
895 2137 982 2229 ὖμᾶς
1003 2139 1066 2209 αὐ-

107 2241 188 2323 τοὺς
210 2249 505 2324 κατεσκευακέναις
538 2242 603 2330 ἐμω
624 2236 686 2329 μὲν
707 2241 770 2310 οὐκ
795 2240 882 2322 άξιοὸ.
924 2245 979 2310 καί
1001 2240 1066 2326 γάρ

110 2345 216 2409 έκεῖνο
237 2349 357 2430 νομίζω
380 2348 526 2430 δίκαιον,
550 2349 582 2411 εί
601 2341 662 2428 μέν
679 2341 875 2409 αἰσθάνεται
891 2347 995 2407 ταῦτα
1010 2341 1067 2408 καὶ

110 2448 242 2531 προορᾷ
249 2448 454 2531 Χαρίδημος,
478 2439 546 2511 εἷθ’
562 2439 653 2521 ὅπως
667 2439 831 2509 τοιούτων
841 2438 1065 2526 ψηφισμάτων

47 2557 93 2614 [34
106 2538 252 2620 τεύξεται
267 2542 514 2627 διαπράττεται,
539 2539 583 2621 άς
599 2538 851 2630 ἐπιβουλεύοντι
870 2537 915 2626 μὴ
938 2541 1066 2622 ἐπιτρέ-

106 2660 182 2706 πειν
204 2638 296 2728 αὐτῷ
305 2688 314 2722 ,
330 2645 362 2707 εί
372 2641 407 2709 δὲ
418 2642 561 2728 λέληθεν
572 2637 691 2725 αὐτὸν,
711 2637 780 2729 ὅσω
796 2645 923 2725 μάλλον
939 2636 1065 2706 εὔνουν

105 2762 154 2814 τις
169 2734 275 2803 αὐτὸν
290 2732 476 2824 ὑπείληφεν
492 2737 591 2823 εἶναι,
613 2739 763 2827 τοσούτω
779 2745 909 2823 μᾶλλον
930 2740 1066 2823 προϊδέ-

105 2843 189 2901 σθαι
199 2833 255 2898 ιιαλ
265 2829 350 2917 ὑπὲρ
363 2832 470 2901 αὑτοῦ
479 2839 533 2903 καλ
543 2835 628 2921 ὑπὲρ
640 2840 779 2906 ἐκείνου.
803 2842 872 2905 έστι
881 2834 946 2922 γάρ
956 2842 1066 2923 φίλων

106 2935 249 3014 αμαθων
264 2926 306 2996 οὐ
319 2928 359 2996 τά
375 2940 512 2999 τοιαῦτα
525 2939 716 3018 χαρίζεσθαι
730 2949 799 3014 τοῖς
813 2933 939 3020 εὔνοις,
962 2938 994 3013 ἐξ
1017 2925 1066 3001 ὧν

103 3023 274 3107 κάκείνοις
295 3030 350 3096 καί
366 3035 482 3115 σφίσιν
504 3027 617 3110 αὐτοῖς
637 3038 728 3102 ἔσται
741 3060 791 3113 τις
802 3032 928 3119 βλάβη,
952 3026 1026 3098 ἄλλ’
1046 3026 1065 3099 δ

105 3129 168 3215 μὲν
182 3123 226 3196 άυ
247 3129 349 3218 μέλλη
370 3133 540 3198 συνοίσειν
560 3128 703 3216 άμφολν,
725 3129 968 3218 συμπράττειν,
991 3125 1010 3196 δ’
1032 3125 1063 3197 δ’

105 3223 150 3296 άν
161 3224 261 3306 αὐτὸς
272 3225 410 3314 άμεινον
420 3231 551 3298 ἐκείνου
561 3237 707 3319 προορᾷ,
727 3227 811 3316 πρὸς
819 3226 857 3296 τδ
868 3234 978 3308 καλῶς
988 3232 1065 3315 ἔχον

105 3335 260 3394 τίθεσθαι
271 3327 326 3394 καὶ
336 3324 380 3415 μη
394 3326 529 3417 τηνῆδη
541 3326 638 3417 χάριν
649 3334 711 3396 τοῦ
721 3323 803 3415 μετά
818 3333 923 3395 ταῦτα
938 3327 1063 3414 χρόνον

47 3439 94 3495 135
104 3422 229 3504 παντὸς
239 3427 316 3512 περὶ
326 3432 479 3508 πλείονος
487 3425 653 3517 ἡγεῖσθαι.
672 3424 728 3501 ,οὐ
738 3433 856 3497 τοίνυν
865 3421 941 3497 οὐδ’
953 3428 1061 3496 έκεῖνο
