2370 3854
155 198 217 259 462
335 193 925 255 ΧΧΧῊΙΙΛΗΜΟΣΘΕΝΟΥΣ

114 367 149 422 23
244 357 316 426 Οὐκ
332 361 524 444 ἐμίσθωσαν
540 352 636 440 ἡμῶν
652 352 712 424 τόν
729 352 838 440 οἷκον,
869 364 947 434 ἴσως
964 357 1111 442 ἐροῦσιν.

157 454 273 542 ούγάρ
286 452 435 541 ἐβούλεθ’
451 451 468 522 ὁ
482 463 576 531 θεῖος
592 449 689 537 ὑμῶν
698 457 918 539 Ξενοπείθης,
941 451 1024 520 ἀλλά
1043 457 1110 542 φή-

157 581 276 632 ναντος
286 558 430 622 Νικίδου
441 550 521 631 τούς
532 549 688 628 δικαστὰς
699 556 827 617 ἔπεισεν
838 553 933 619 ἐᾶσαι
944 550 1047 620 αὑτὸν
1059 559 1111 622 δι-

98 693 102 700 ·
157 667 274 722 οικεϊν·
308 653 363 719 καὶ
390 648 478 718 ταῦτ’
502 659 591 718 λσασι
619 650 749 727 πάντες.
793 647 900 717 πολλὰ
922 651 1110 736 διήρπασαν

155 750 392 840 ἡμῶνέκεῑνοι.
424 749 554 819 ούκούν
563 747 607 833 ἣν
618 751 794 834 ἐπείσθητέ
802 775 856 835 γε,
873 749 1003 818 τούτων
1014 755 1110 838 δίκην

157 850 231 936 παρ’
244 849 357 918 αύτων
368 856 472 936 ἔχετε,
485 850 541 917 καὶ
557 846 599 916 ού
617 848 791 934 δήπουθεν
811 850 912 917 πάλιν
927 854 980 918 δεῖ
994 860 1109 939 λαβεῖν
1147 841 1150 844 ’

113 963 147 1017 24
156 947 242 1035 ὑμᾶς
264 945 442 1034 παρ’ἐμοῦ.
466 951 522 1014 ἵνα
545 951 581 1015 δὲ
606 941 687 1033 μηδ’
700 956 819 1037 οίησθε
842 946 929 1016 εἷναί
947 976 979 1016 τι
993 957 1108 1034 ταῦτα,

157 1054 225 1115 ἔστι
241 1048 302 1132 μὲν
319 1045 382 1114 ούκ
399 1056 475 1114 ἴσον
494 1052 580 1129 (πῶς
596 1047 696 1133 γάρς)
719 1046 802 1133 πρός
822 1046 900 1127 τούς
922 1049 1109 1132 πράξαντας

157 1149 421 1234 διαλυσαμένους
440 1153 514 1214 τῶν»
530 1143 593 1213 ούκ
615 1147 752 1215 εἰδότων
779 1162 990 1234 κατηγορεῖν,
1019 1145 1108 1233 ὅμως

156 1250 285 1332 μέντοι,
308 1239 336 1314 ύ
346 1252 533 1332 ,Ξενοπείθη
552 1246 607 1314 καὶ
617 1252 826 1333 Ναυσίμαχε,
852 1254 882 1316 εί
890 1247 1017 1334 μεγάλα
1027 1244 1108 1333 ύμῖν

156 1346 211 1412 καὶ
231 1342 408 1430 θαυμαστά
432 1341 577 1437 εἶναιτὰ
600 1348 710 1412 δίκαια
733 1343 829 1413 ταῦθ’
843 1343 1105 1432 ὑπολαμβάνετε,

157 1441 339 1523 ἀποδόντες
355 1441 395 1511 τά
412 1451 488 1526 τρία
504 1443 650 1510 τάλαντα
668 1451 848 1528 περαίνετε.
884 1438 932 1513 ὦν
944 1445 979 1512 δὲ
989 1452 1052 1511 τοῦ
1061 1444 1105 1531 μὴ

156 1549 380 1629 κατηγορῆσαι
396 1549 543 1610 τοσαῦτα
561 1542 709 1629 χρήματα
733 1544 939 1630 ἐπράξασθε,
961 1545 1041 1629 πρὶν
1063 1540 1106 1611 ἀν

156 1649 260 1710 ταῦτα
272 1639 433 1727 ἀποδοῖτε,
447 1649 578 1709 σιωπᾶν
588 1642 660 1710 ἐστὲ
672 1646 810 1726 δίκαιοι,
833 1645 888 1711 καὶ
903 1641 949 1729 μὴ
965 1668 1107 1727 κατηγο-

157 1755 228 1826 ρεῖν
240 1741 296 1809 καὶ
310 1746 409 1826 ἔχειν·
433 1745 571 1828 ἔσχατον
581 1738 646 1826 γάρ
662 1739 726 1829 ἤδη
737 1742 939 1829 πραγμάτων
950 1741 1049 1810 τούτό
1059 1768 1106 1827 γε.

112 1865 145 1916 25
244 1841 334 1926 Τάχα
343 1848 461 1908 τοίνυν
473 1851 551 1919 ἴσως
563 1842 618 1908 καὶ
628 1848 837 1927 τριηραρχίας
847 1842 978 1926 ἐροῦσι,
1002 1841 1056 1907 καὶ
1067 1837 1106 1907 τά

156 1937 237 2006 ὅντα
249 1937 293 2016 ὡς
304 1937 514 2025 ἀνηλώκασιν
526 1944 572 2016 είς
581 1936 678 2023 ὑμᾶς.
700 1936 763 2022 ἐγώ
776 1934 808 2003 δ’
820 1936 872 2005 ότι
889 1939 951 2023 μὲν
961 1937 1106 2018 ψεύσον-
1116 1955 1167 2012 992

155 2065 218 2123 ται,
229 2040 284 2105 καὶ
296 2034 402 2105 πολλὰ
415 2034 663 2115 ἀπολωλεκότες
683 2045 751 2104 τω”ν
770 2033 880 2104 ὄντων
897 2034 1026 2123 αὑτοῖς,
1051 2064 1107 2124 μι-

155 2135 218 2222 κρά
231 2144 288 2222 της
298 2136 426 2216 πόλεως
436 2144 685 2224 μετειληφυίας,
707 2133 749 2205 ού
759 2142 891 2205 δικαίαν
901 2134 979 2206 οὐδὲ
991 2162 1105 2222 γιγνο-

155 2238 259 2322 μένην
275 2234 372 2321 χάριν
390 2234 568 2316 ἀξιώσουσι
584 2241 776 2323 κομίζεσθαι
787 2233 861 2321 παρ’
874 2233 987 2323 ὑμῶν,
1009 2236 1103 2303 ἐάσω.

156 2333 238 2415 ἀξιῶ
250 2335 286 2404 δὲ
296 2337 352 2404 καὶ
363 2334 480 2420 αὐτός,
504 2329 664 2423 ἀάνδρες
676 2338 842 2420 δικασταὶ,
867 2333 950 2402 εἶναι
960 2349 1027 2412 τοῖς
1037 2341 1105 2400 λει-

155 2432 449 2520 τουργοῦσινύμῖν
469 2434 572 2504 ἀπασι
593 2435 691 2523 χάριν
708 2433 783 2502 τινά
800 2431 1018 2520 ὑπάρχουσαν
1029 2430 1103 2516 παρ’

155 2529 258 2618 ὑμῶν,
279 2541 343 2601 τίσι
356 2533 391 2603 δὲ
402 2541 576 2621 μεγίστηνς
588 2551 656 2616 τοῖς
667 2533 687 2604 δ
697 2535 759 2622 μὲν
774 2534 936 2622 χρήσιμον
953 2542 994 2620 τῇ
1011 2533 1105 2600 πόλει

153 2638 215 2698 τοῦ
232 2631 424 2718 πράγματός
440 2637 508 2700 ἐστι
525 2643 696 2719 ποιοῦσιν,
718 2631 738 2702 δ
755 2631 786 2700 δ’
807 2629 945 2716 αίσχρδν
961 2629 1104 2707 ἅπαντες

110 2753 144 2807 26
154 2724 196 2795 ἀν
208 2728 293 2796 εἶναι
303 2731 448 2816 φήσαιεν
460 2733 515 2799 καὶ
526 2730 670 2815 ὄνειδος,
681 2729 726 2816 μη
740 2727 1051 2806 κατασκευάζουσιν.
1073 2730 1108 2793 οί

153 2828 214 2910 μὲν
237 2833 353 2894 τοίνυν
374 2826 455 2913 μετά
477 2836 539 2895 τοῦ
560 2836 764 2912 λειτουργεῖν
783 2825 823 2894 τά
846 2823 973 2912 σφέτερ’
993 2824 1105 2894 αὐτῶν

154 2925 395 3013 διεφθαρκότες
413 2922 475 3011 τὴν
486 2931 699 3013 βλασφημίαν
712 2924 786 2994 ἀντὶ
802 2933 860 3012 τῆς
869 2931 979 3011 χρείας
989 2932 1030 3013 τῇ
1041 2925 1105 2993 πό-

154 3033 203 3093 λει
214 3034 484 3094 καταλείπουσιν·
512 3021 621 3105 οὐδεὶς
638 3022 702 3112 γὰρ
720 3022 820 3104 αύτδς
837 3021 942 3091 αὑτοῦ
959 3023 1105 3110 κατηγό-

154 3146 233 3212 ρησε
244 3125 391 3211 πιόποτε,
405 3122 474 3195 ἀλλ’
488 3123 562 3212 ἀςὴ
581 3126 677 3206 πόλις
687 3123 727 3193 τά
739 3123 819 3194 ὄντα
830 3123 998 3214 ἀφῄρηται
1008 3126 1104 3208 λέγει.

154 3228 188 3290 οί
201 3221 233 3291 δ’
247 3223 310 3292 ὅσα
320 3226 382 3310 μὲν
393 3226 611 3309 προστάττετε
622 3224 716 3312 ὑμεῖς
728 3232 900 3304 ποιοῦντες
909 3223 1104 3309 προθύμως,

153 3332 194 3409 τῇ
205 3326 280 3408 περὶ
290 3323 395 3393 τάλλα
406 3328 443 3392 δὲ
453 3325 659 3413 σωφροσύνη
674 3325 714 3392 τά
727 3322 808 3391 ὅντα
820 3323 980 3405 σώζοντες
990 3318 1031 3388 ού
1042 3318 1104 3405 μό-

154 3445 216 3487 νον
242 3422 326 3490 κατά
355 3420 441 3490 τοῦτ’
466 3428 603 3492 ἐκείνων
632 3430 864 3490 πλεονεκτοῖεν
892 3416 937 3488 ἀν
959 3419 1103 3501 είκότως,
