2370 3854
287 213 432 275 ΚΑΤΑ
452 215 631 278 ΑΝΔΡΟ
643 216 859 279 ΤΙΩΝΟΣ.
989 215 1050 280 131

98 400 178 459 γον,
202 369 270 442 άλλ’
283 368 399 464 ότανῇ
409 381 583 462 προσήκον
601 379 638 444 ἐκ
654 384 716 445 τού
725 377 842 464 νόμον.
873 381 1005 448 καὶνύν
1016 382 1052 446 δὲ

100 478 279 560 δείκνυμεν
296 471 360 542 οὐκ
378 477 485 542 ἐνόντα
503 474 647 562 γράφειν
666 497 719 563 σε,
744 474 819 545 οὐδ’
831 473 853 544 ά
864 474 1053 556 τοίςάλλοις

52 587 90 641 54
100 578 220 656 ἔξεστι,
243 568 306 639 τόν
322 571 438 658 νόμον.
474 569 520 652 ύς
538 567 603 641 ούν
620 571 683 642 ούκ
702 567 844 661 ύφλευό
860 575 967 662 πατήρ
979 596 1052 661 σου,

99 667 186 739 τοῦτ’
200 672 373 758 ἐπίδειξον,
392 666 415 757 ή
430 668 473 750 τίς
494 668 557 740 ούκ
569 669 716 760 άποδράς
727 677 868 760 ἐξῆλθεν
878 676 914 742 ἐκ
925 681 988 743 τοῦ
998 680 1054 741 δε-

101 774 307 856 σμωτηρίου,
325 766 409 838 άλλά
426 768 466 838 τά
483 771 634 858 χρήματα
650 775 787 851 ἐκτίσας.
810 777 842 841 εἰ
847 772 883 841 δὲ
894 771 941 859 μή
951 769 1050 840 ταῦθ’
1181 772 1184 786 ’

100 869 182 948 ἕξεις
195 867 383 956 δεικνύναι,
396 866 460 937 ούκ
472 869 547 951 ἐξόν
556 872 744 957 γέγραφας·
766 871 979 958 κληρονόμον
988 872 1053 956 γάρ

101 987 138 1033 σε
150 974 349 1055 καθίστησιν
358 965 380 1036 ό
388 968 492 1055 νόμος
501 976 560 1056 τῆς
571 968 698 1056 ἀτιμίας
708 978 765 1056 τής
775 978 837 1037 τοῦ
847 966 981 1056 πατρός,
994 967 1054 1037 όν-
1063 976 1115 1034 604

101 1094 132 1134 τι
146 1067 176 1135 δ’
191 1067 296 1158 άτίμςο
309 1089 363 1138 σοι
373 1074 482 1156 λέγειν
495 1067 538 1138 ού
551 1078 721 1158 προσῆκεν
733 1067 813 1138 οὐδὲ
822 1069 974 1157 γράφειν.
998 1071 1054 1138 καὶ

102 1170 177 1253 περὶ
187 1168 247 1254 μὲν
258 1177 327 1237 τεόν
342 1169 474 1256 νόμων,
497 1165 557 1248 οὓς
573 1164 856 1255 παρεγραψάμεθ’,
879 1167 969 1254 οἶμαι
984 1172 1054 1237 δεῖν

101 1264 205 1352 ύμάς,
229 1265 273 1334 άν
292 1293 325 1334 τι
342 1271 531 1353 φενακίζειν
549 1269 680 1354 ἐγχειρῇ
696 1268 752 1334 καὶ
770 1265 933 1354 παράγειν
944 1259 1052 1353 ούτος,

101 1363 198 1431 ταῦθ’
211 1361 472 1450 ὑπολαμβάνειν,
485 1361 507 1431 ά
519 1366 736 1450 διεξελήλυθα
747 1364 821 1450 ἐγώ.

57 1480 91 1533 35
186 1466 261 1531 Είσὶ
281 1463 317 1530 δὲ
333 1463 388 1530 καί
407 1462 483 1549 περὶ
498 1470 567 1530 τείν
583 1461 696 1530 άλλων
714 1459 807 1551 αύτῷ
817 1461 910 1549 λόγοι
920 1461 1051 1551 πρόςτό

102 1565 290 1653 φενακίζειν
302 1557 389 1646 ύμάς
409 1553 449 1628 εὖ
460 1564 740 1648 μεμηχανημένοι,
757 1562 840 1648 ,περὶ
856 1553 907 1629 όν
922 1565 1053 1649 βέλτιον

101 1657 188 1745 ὑμεῖς
198 1666 414 1742 προακοῦσαι.
436 1666 506 1729 ἔστι
514 1657 580 1748 γάρ
591 1658 636 1741 εἷς
646 1658 739 1751 αύτῷ
747 1668 907 1748 τοιοῦτος,
915 1658 959 1748 μή
971 1687 1053 1731 πεν-

100 1764 277 1837 τακοσίους
293 1754 391 1845 ύμοίν
408 1757 521 1827 αύτοῑν
539 1759 727 1847 άφελέσθαι
743 1758 805 1847 τήν
823 1760 953 1846 δωρεάν
969 1762 1052 1848 μηδὲ

100 1856 222 1926 ὀνείδει
231 1864 436 1944 περιβαλεῖν·
458 1861 595 1927 ἐκείνων
606 1855 624 1926 ὁ
636 1856 739 1947 άγιόν,
754 1856 817 1927 ούκ
829 1859 915 1946 ἐμός.
939 1858 1002 1947 ἐγώ
1017 1859 1050 1929 δ’

102 1961 131 2023 εί
141 1958 202 2042 μὲν
214 1960 363 2042 ἐμέλλετε
375 1955 625 2046 ἀφαιρήσεσθαι
635 1958 775 2038 τούτους
786 1959 909 2048 μόνον,
921 1958 1002 2028 άλλο
1015 1964 1051 2028 δὲ

101 2054 204 2141 μηδὲν
224 2052 409 2141 ὠφελήσειν
427 2054 490 2143 τήν
507 2057 622 2138 πόλιν,
643 2055 745 2125 οὐδὲν
761 2052 806 2124 άν
821 2055 907 2143 ὑμᾶς
919 2058 1051 2144 σφόδρα

102 2153 301 2235 σπουδάζειν
316 2153 448 2241 ήξίουν·
471 2161 501 2224 εί
516 2155 551 2224 δὲ
567 2164 616 2245 τῷ
632 2164 731 2224 τοῦτο
742 2162 877 2242 ποιήσαι
887 2152 1053 2242 πλείονςή

101 2257 241 2337 μυρίους
256 2249 336 2329 τούς
353 2251 477 2331 ἄλλους
493 2258 628 2331 πολίτας
643 2259 794 2339 βελτίους
812 2251 895 2320 εἶναι
912 2259 1052 2340 προτρέ-
1123 2256 1124 2260 ’

100 2363 194 2434 φετε,
217 2349 314 2438 πόσφ
329 2350 466 2417 κάλλιον
482 2348 662 2428 τοσούτους
689 2350 940 2436 παρασκευάσαι
969 2378 1051 2438 χρη-

54 2472 89 2526 36
101 2446 201 2527 στούς
216 2441 240 2535 ή
255 2447 835 2535 πεντακοσίοιςάδίκωςχαρίσασθαις
866 2440 910 2527 ὦς
926 2448 959 2516 δ’
972 2447 1048 2518 οὐδ’

98 2553 188 2616 ἔστιν
199 2544 329 2635 άπάσης
342 2547 380 2616 τό
393 2555 530 2636 πρᾶγμα
538 2556 597 2635 τής
606 2554 747 2635 βουλῆς,
771 2543 853 2616 ἄλλά
867 2554 986 2636 τινῶν,
1000 2554 1051 2617 οἵ-

100 2672 162 2732 περ
174 2651 258 2716 είσίν
269 2656 368 2716 αίτιοι
380 2655 448 2715 τεόν
458 2657 583 2733 κακῶν,
598 2649 654 2716 καλ
661 2644 907 2733 Ἀνδροτίωνος,
920 2652 983 2733 ἔχεο
995 2654 1051 2716 λε’-

99 2771 180 2830 γειν.
213 2754 260 2835 τῷ
275 2744 340 2834 γάρ
355 2748 446 2815 ἐστιν
457 2744 600 2832 όνειδος,
623 2751 654 2815 εί
667 2753 859 2825 σιωπῶντος
875 2744 981 2814 αὐτοῦ
995 2748 1050 2814 καὶ

99 2848 203 2931 μηδὲν
213 2845 419 2934 γράφοντος,
443 2855 521 2926 ἴσως
534 2846 570 2915 δὲ
585 2843 665 2914 οὐδὲ
681 2842 722 2912 τά
741 2842 846 2914 πολλά
859 2852 906 2925 είς
914 2844 952 2914 τό
965 2852 1049 2932 βου-

99 2941 276 3027 λευτήριον
308 2943 484 3031 είσιόντος,
521 2941 565 3029 μή
588 2942 687 3030 λάβοι
717 2939 866 3029 ήβουλή
889 2940 951 3010 τόν
973 2947 1048 3010 στέ-

99 3065 226 3125 φανον;
253 3037 366 3109 ούδενλ
386 3042 577 3128 δήπουθεν,
595 3037 679 3110 άλλά
699 3047 760 3109 τοῦ
780 3040 970 3127 γράφοντος
992 3044 1048 3108 καὶ

98 3142 359 3223 πολιτευομένου
378 3142 434 3208 καὶ
454 3146 631 3218 πείθοντος
653 3136 675 3205 ά
696 3137 852 3225 βούλοιτο
882 3134 946 3224 τήν
961 3146 1047 3225 βου-

98 3236 177 3324 λήν·
211 3235 266 3305 διά
294 3236 358 3325 γάρ
385 3239 526 3318 τούτους
555 3236 672 3318 άνάξια
699 3244 761 3304 τοῦ
788 3241 1047 3323 στεφανωθῆναι

53 3336 329 3424 θίβεβούλενκεν.
383 3336 425 3406 ού
444 3337 512 3424 μήν
532 3334 600 3406 ἄλλ’
620 3342 651 3405 εί
671 3338 726 3404 καί
746 3331 788 3403 τά
809 3334 948 3420 μάλιστα
979 3337 1027 3403 πά

97 3457 156 3520 σης
178 3431 247 3502 ἔσθ’
266 3432 284 3503 ὁ
303 3433 396 3520 άγύν
412 3444 470 3523 τής
484 3443 624 3524 βουλής,
645 3433 714 3526 όσφ
736 3436 900 3560 συμφέρει
920 3443 1047 3523 μάλλον

802 3533 822 3586 (δ
