2370 3854
83 253 86 258 ·
154 223 215 286 168
356 227 451 283 xxm.
487 220 905 283 ΔΗΜΟΣΘΕΝΟΤΣ

153 410 224 453 νων
233 390 302 451 τόν
317 382 381 470 ήδη
393 384 598 468 κεκριμένων
611 381 754 468 τοσαύτη
772 377 918 467 σπονδή,
941 377 1033 460 ὅπως
1048 380 1111 450 λό-

153 507 217 568 γον
227 482 284 551 καὶ
294 486 433 566 κρίσεως
448 483 503 549 καὶ
514 480 650 548 πόντων
661 476 759 547 ὁπόσ’
771 481 838 548 ἐστὶ
849 483 960 547 δίκαια
971 477 1111 562 τεύξον-

153 607 207 647 ται
217 580 292 664 περὶ
302 586 371 647 τόν
382 577 525 665 ὕστερον
536 585 667 664 αἰτιῶν,
688 571 712 663 ή
722 601 789 644 που
807 583 886 663 περί
898 602 937 662 με
954 585 1017 645 τοῦ
1025 577 1109 665 μήθ’

156 678 322 766 ἡλωκότος
353 676 429 765 μήτ’
443 678 671 763 ἐγνωσμένον,
694 675 838 758 πότερον
854 678 1014 762 δέδρακεν
1030 670 1111 763 ήού

155 779 211 845 καὶ
220 774 328 863 πότερ’
342 774 435 845 ἄκων
445 770 467 863 ή
479 773 579 861 ἕκδν,
603 774 785 842 πύνδεινον
800 774 945 861 γράφειν
957 771 1000 855 ὥς
1010 778 1110 844 ἐκδο·

154 879 230 945 τέον
240 889 308 956 τοῖς
320 878 525 960 ἐγκαλοῦσιν.

110 1041 146 1095 80
230 1027 300 1094 Ἔτι
311 1031 426 1093 τοίνυν
436 1026 525 1092 ἐστὶν
535 1025 612 1110 ἕκτη
622 1028 761 1111 τιμωρία
777 1022 861 1110 πρός
871 1022 1013 1105 ἁπάσαις
1022 1023 1109 1091 ταύ-

154 1152 235 1209 ταις,
253 1120 298 1211 ήν
309 1120 430 1209 ὁμοίως
441 1121 593 1211 παραβὰς
602 1125 749 1208 γέγραφε
760 1121 797 1190 τό
810 1123 964 1210 ψήφισμα
981 1120 1105 1191 ούτοσί.

155 1224 303 1292 εἰπόντα
313 1222 417 1291 ταῦτύ
428 1249 477 1301 τις
488 1220 672 1310 ήγνόηκεν,
690 1221 778 1309 ήκαλ
789 1220 1064 1309 παρεληλύθασιν
1073 1224 1110 1289 οἱ

154 1321 270 1408 χρόνοι
281 1326 318 1390 ἐν
330 1318 379 1401 οἷς
391 1327 457 1390 ἔδει
467 1321 596 1390 τούτων
607 1323 728 1389 ἕκαστα
740 1335 863 1407 ποιεῖν,
884 1318 907 1408 ή
925 1317 964 1390 δι’
976 1319 1058 1389 ἄλλο
1073 1346 1108 1387 τι

156 1419 229 1507 ούηὶ
238 1421 396 1510 βούλεται
406 1423 545 1500 τούτους
556 1417 634 1500 τούς
643 1419 788 1507 τρόπους
798 1415 1034 1506 ἐπεξιόναι,τόν
1044 1415 1108 1487 ύν-
1116 1436 1166 1494 647

156 1519 328 1605 δροφόνον
340 1518 371 1586 δ’
386 1516 450 1607 ὁρᾷ
461 1519 632 1601 περιιόντα
643 1522 680 1586 ἐν
692 1533 759 1597 τοῖς
775 1523 875 1606 ἱεροῖς
884 1521 939 1586 καὶ
949 1517 1033 1586 κατὰ
1042 1514 1107 1604 τήν

156 1614 295 1703 ἀγορὰν,
308 1614 451 1700 ἆπύγειν
461 1621 585 1695 ἔξεστιν
597 1622 642 1695 εἰς
653 1614 690 1684 τό
703 1617 946 1703 δεσμωτήριον,
972 1613 1035 1684 ούκ
1054 1625 1108 1685 ολ-

157 1721 238 1784 καδε
257 1713 334 1784 οὐδ’
354 1714 432 1784 όποι
452 1714 622 1803 βούλεται,
646 1714 757 1800 όόσπερ
773 1713 816 1783 σύ
834 1717 989 1793 δέδωκας.
1022 1712 1108 1783 κύν-

157 1811 254 1883 ταιλθ’
268 1813 429 1901 ἀπαχθεὶς
441 1812 516 1881 οὐδ’
531 1811 655 1900 ὁτιοῦν,
666 1817 745 1899 πρὶν
757 1809 800 1881 δν
811 1820 930 1902 κριθή,
947 1820 1107 1900 πείσεται,

158 1911 227 1980 ἀλλ’
238 1910 298 1980 ἐὰν
314 1913 376 1998 μὲν
393 1910 481 2001 ἁλῷ,
502 1913 639 2002 θανάτῳ
657 1911 915 2000 ζημιωθήσεται,
938 1911 999 1981 ἐὰν
1014 1912 1050 1982 δὲ
1062 1910 1108 1999 μή

158 2009 324 2098 μεταλάβῃ
336 2006 373 2077 τό
387 2013 537 2097 πέμπτον
552 2015 651 2098 μέρος
667 2020 735 2080 τόν
748 2009 899 2099 ψήφωνὸ
912 2008 1106 2098 ἀπαγαμύν,

113 2132 148 2187 ει
157 2116 260 2196 χιλίας
270 2106 508 2195 προσοφλήσει.
531 2106 666 2196 ἆλλόύχ
678 2101 1033 2195 οὗτοςέηραμεταύτα,
1046 2107 1108 2177 ἄλ

157 2206 198 2278 λά
210 2205 269 2276 τόν
280 2208 341 2294 μὲν
353 2207 471 2301 ἀθῷον
482 2208 711 2293 αἰτιάσασθαι,
729 2207 789 2276 τὸν
800 2210 836 2277 δὲ
852 2207 987 2292 ἄκριτον
997 2230 1107 2294 παρα-

156 2315 266 2397 χρῆμα
275 2311 478 2378 ἐκδίδοσθαι.
502 2307 562 2376 ἐὰν
572 2312 611 2377 δέ
618 2336 666 2389 τις
678 2303 962 2395 ἆνθρόπωνήκαὶ
971 2304 1033 2393 ὅλη
1042 2305 1107 2375 πό-

157 2415 208 2485 λις
221 2406 393 2487 τοσούτοις
404 2414 555 2494 νομίμοις
571 2405 823 2493 ἀναιρουμένοις
834 2404 926 2484 όσοις
943 2403 1007 2491 ἐγώ
1019 2408 1106 2487 διεξ-

157 2504 324 2588 ελήλυθα,
350 2504 404 2570 καὶ
420 2503 591 2581 τοσούτοις
609 2508 829 2591 δικαστηρίοις
850 2507 1107 2590 καταλυομένοις

158 2599 251 2680 ὅσοις
268 2611 399 2686 εἴρηκα,
421 2598 443 2668 δι’
459 2604 535 2669 θεοὶ
552 2604 742 2682 κατέδειξαν
759 2607 814 2671 καὶ
831 2602 912 2689 μετὰ
927 2609 1032 2671 ταῦτα
1042 2599 1106 2669 ἅν-

157 2711 292 2785 θρωποι
301 2705 445 2785 χρῶνται
455 2697 634 2768 πόντοιτὸν
643 2701 778 2787 χρόνον,
790 2699 961 2789 βοηθήση,
980 2702 1034 2767 καὶ
1045 2697 1106 2767 τόν

158 2795 376 2884 ὑβριζόμενον
387 2801 441 2866 καλ
452 2799 753 2886 παρανομούμενον
769 2796 945 2885 ἀφέληται,
963 2802 1107 2866 ἔκσπον-

158 2903 220 2965 δον
232 2902 375 2982 ἒγραψεν
386 2897 485 2983 εἶναι,
504 2901 559 2967 καλ
576 2897 653 2968 ούδὲ
670 2899 776 2988 τούτῳ
789 2896 891 2984 λόγον
908 2894 988 2966 οὐδὲ
997 2903 1107 2985 κρίσιν

157 3003 353 3083 πεποίηκεν,
378 2994 463 3065 ἀλλὰ
480 3002 535 3067 καὶ
551 3007 672 3068 τοῦτον
683 2994 789 3076 εύθύς
805 2996 888 3066 ἄνευ
899 3003 1037 3082 κρίσεως
1046 3020 1108 3063 κο-

157 3094 254 3174 λύζει.
278 3102 348 3174 πῶς
358 3091 401 3163 ύν
411 3091 434 3183 ή
446 3099 634 3183 δεινότερον
649 3099 779 3182 γένοιτο
790 3091 813 3183 ή
825 3094 1108 3182 παρανομώτερον

157 3191 279 3260 τούτου
290 3193 459 3282 ψήφισμας

114 3365 149 3418 82
239 3339 317 3431 Ἀρό
329 3376 376 3428 τις
386 3347 466 3435 ἡμῖν
477 3354 524 3417 ἔτι
542 3348 657 3427 λοιπός
673 3349 743 3414 ἐστι
758 3347 876 3435 νόμοςς
899 3355 1015 3430 δεῖξον.
1047 3342 1116 3412 ού-“

157 3449 238 3512 τοσί.
271 3449 344 3529 λέγε
354 3455 483 3514 τοῦτον.
