2370 3854
279 197 424 260 ΚΑΤΑ
447 196 840 260 ΤΙΜΟΚΡΑΤΟΤΣ.
976 199 1036 262 243

87 362 202 447 νόμων
229 344 279 437 οἷς
304 360 452 435 ἐναντίος
468 351 518 424 τόν
535 354 715 442 ἐφαίνεθ’ό
733 357 869 426 τούτου·
893 359 1038 428 καὶτού-

87 484 165 537 τους
180 455 233 524 ότι
252 458 331 542 πρὶν
346 462 447 523 λύσαι
457 454 554 523 τόνδε
571 456 723 522 τέθεικεν
732 458 919 524 ἐπίστασθε.
953 455 1037 526 ἀλλὰ

87 555 154 642 μήν
166 553 217 623 ὅτι
227 551 254 639 γ’
268 551 331 621 ούκ
342 551 540 639 ἐπιτήδειος,
559 551 738 639 ἀκηκόατε·
764 553 839 641 ἀρτι
854 554 918 640 γὰρ
930 556 1037 642 λέγων

87 654 291 739 ἐπαυσάμην.
325 650 452 720 ούκούν
469 651 552 719 κατὰ
569 649 661 718 πάντ’
675 650 784 720 ἀδικεῖ
791 661 961 739 φανερῶς,
983 656 1038 720 καὶ

88 749 189 821 οὐδέν
205 747 275 817 ἔσθ’
290 747 310 817 ὅ
327 775 359 817 τι
378 757 558 838 φροντίσας
576 747 651 817 οὐδ’
666 747 863 838 εὐλαβηθεὶς
874 759 1036 838 φαίνεται,

88 847 157 918 ἀλλ’
170 857 279 935 ἔμοιγε
292 852 397 934 δοκεῖ,
419 843 486 916 κάν
499 854 530 917 εί
539 848 621 936 πρὸς
632 849 762 928 τούτοις
772 848 853 918 ἀλλο
864 875 896 916 τι
906 849 950 936 μή
961 874 1038 918 πον

89 963 137 1017 εῖν
150 951 328 1034 ἐγέγραπτο
340 951 377 1014 έν
387 961 454 1026 τοῖς
466 939 543 1014 ούσι
553 947 678 1033 νόμοις,
703 942 769 1015 κάν
779 957 878 1015 τούτο
891 956 1035 1034 ποιήσαι.

33 1074 77 1124 [ιο
173 1047 394 1133 Πανταχόθεν
404 1043 1036 1133 μέντοίνυνδήλόςἐσθ’ότιταύέέγρν

88 1167 151 1228 ψεν
161 1147 416 1234 ἐπιβουλεύσας,
428 1149 484 1213 καί
495 1141 577 1231 μετά
594 1152 655 1211 τοῦ
671 1146 924 1231 βουλεύσασθαι
940 1143 1034 1212 ταῦτ’

87 1247 197 1314 ἀδικεῖ
214 1248 270 1314 καί
291 1243 333 1313 ού
352 1245 470 1332 γνώμη
487 1239 694 1326 διαμαρτών,
716 1242 858 1327 μάλιστα
874 1241 904 1308 δ’
923 1246 959 1310 ἐκ
976 1252 1038 1311 τού

87 1347 195 1412 πάντα
206 1343 267 1412 τόν
276 1343 383 1428 νόμον
394 1343 487 1426 μέχρι
496 1346 555 1425 τῆς
565 1336 1037 1425 ύστάτηςσυλλαβήςτοιούτον

87 1441 187 1507 εἶναι·
210 1437 290 1507 οὐδὲ
308 1437 373 1524 γὰρ
386 1433 461 1504 οὐδ’
474 1434 566 1503 ἀκων
577 1432 678 1504 οὐδὲν
690 1441 813 1523 ἔθηκεν
825 1432 938 1522 ὀρθοῖς
950 1444 1036 1524 ἕχον,

86 1536 162 1606 οὐδ’
176 1535 219 1615 ὡς
230 1534 310 1622 ὑμῖν
321 1540 434 1621 ἔμελλε
446 1534 680 1619 λυσιτελήσειν.
712 1541 782 1613 πῶς
798 1526 864 1601 ούν
873 1533 936 1602 οὐκ
949 1534 1037 1615 είκός
1098 1584 1102 1595 .

86 1651 194 1723 μισεῖν
210 1637 265 1701 καί
281 1641 498 1719 τιμωρεῖσθαι
514 1640 635 1700 τούτου
653 1629 744 1712 ὅστις
764 1641 826 1700 τού
849 1637 911 1719 μέν
929 1633 1036 1720 δήμου

85 1734 289 1821 ἠδικημένου
305 1730 485 1819 ήμέλησεν,
509 1728 593 1819 ὑπὲρ
612 1732 648 1798 δὲ
662 1738 731 1798 τῶν
749 1730 961 1818 ἠδικηκότων
981 1735 1036 1802 καὶ

33 1862 36 1909 ι
43 1863 75 1913 ll
87 1836 229 1918 ὕστερον
239 1829 468 1918 ἀδικησόντων
478 1828 558 1910 τούς
575 1831 701 1916 νόμους
712 1835 850 1918 έθηκεν;
874 1833 1036 1918 θαυμάζω

87 1932 131 2018 δ’,
145 1925 172 1999 ὦ
183 1930 304 2017 ἄνδρες
314 1933 480 2013 δικασταί,
491 1937 548 2016 τῆς
561 1926 729 2008 ἀναιδείας
745 1927 916 2016 αύτούτό,
937 1927 1036 2016 ἡνίκα

86 2032 148 2118 μὲν
157 2022 368 2117 ήρχεναύτός
379 2026 445 2113 μετ’
463 2027 715 2113 Ἀνδροτίωνος,
734 2029 794 2096 τὸν
810 2034 905 2097 ἔλεον
914 2038 1037 2098 τούτου

84 2132 137 2197 ἐπὶ
147 2136 192 2217 τῷ
203 2127 326 2213 πλήθει
338 2134 384 2213 τῷ
394 2123 541 2213 ὑμετέρῳ
552 2124 596 2211 μή
608 2127 828 2212 ποιήσασθαι,
842 2135 889 2215 τῷ
900 2126 1036 2214 ἀπειρη·
1044 2149 1094 2202 735

85 2227 157 2302 κότι
166 2223 205 2291 τά
218 2226 340 2290 ἑαυτοῦ
350 2221 489 2307 χρήματ’
501 2225 705 2308 εἰσφέροντι,
727 2225 839 2311 ἐπειδὴ
853 2224 885 2293 δ’
897 2224 1036 2311 Ἀνδρο-

83 2332 184 2392 τίωνα
196 2326 261 2389 ἔδει
272 2318 293 2387 ἀ
304 2321 407 2387 πάλαι
424 2318 576 2408 ύφήρητο
592 2330 649 2407 τῆς
665 2322 791 2401 πόλεως
807 2323 957 2410 χρήματα
973 2351 1035 2392 κα·
1129 2382 1132 2393 .

82 2431 245 2503 καθεῖναι,
256 2418 296 2486 τὰ
308 2419 370 2504 μὲν
380 2416 470 2504 ίερά,
488 2419 529 2486 τὰ
541 2417 572 2486 δ’
586 2418 678 2507 ὅσια,
696 2421 770 2489 τότε
779 2432 892 2490 θεῖναι
903 2419 965 2490 τόν
975 2422 1035 2490 νό-

82 2545 148 2608 μου
163 2516 214 2586 ἐπ’
237 2515 455 2604 ἀποστερήσει
476 2526 545 2585 τῶν
565 2518 626 2604 μὲν
648 2520 750 2588 ὁσίων
770 2529 828 2607 τῆς
850 2525 1032 2605 διπλασίας,

81 2628 149 2688 τῶν
161 2623 260 2702 ιἐρων
272 2617 308 2685 δὲ
318 2624 376 2704 τῆς
387 2620 615 2696 δεκαπλασίας.
638 2620 693 2686 καὶ
705 2617 794 2686 ούτω
805 2617 889 2702 πρός
900 2617 937 2686 τό
950 2627 1034 2706 πλῆ-

82 2730 146 2797 θος
161 2715 198 2785 τό
216 2715 378 2803 ὑμέτερον
404 2718 664 2804 προσενήνεκται
680 2715 698 2784 ὁ
717 2715 835 2786 αύτίκα
852 2719 941 2805 μάλα
951 2716 1034 2804 ὑπὲρ

33 2825 145 2891 ,λῖτού
157 2817 266 2901 δήμου
282 2817 401 2902 φήσων
417 2815 478 2884 τόν
491 2816 598 2902 νόμον
614 2826 734 2885 τοῦτον
745 2827 864 2885 θεῖναι.
902 2822 1034 2896 δικαίως

85 2913 115 2982 δ’
132 2910 175 2980 ἀν
187 2917 258 2999 ἐμοὶ
270 2919 361 2981 δοκεῖ
373 2925 496 2983 παθεῖν
514 2913 645 2999 ὁτιοῦν,
668 2914 759 2993 ὅστις
775 2925 879 2983 οίεται
896 2920 984 2993 δεῖν,
1006 2920 1037 2982 εί

83 3018 147 3099 μέν
156 3039 204 3090 τις
221 3010 428 3098 ἀγορανόμος
445 3008 664 3098 ήάστυνόμος
680 3008 869 3098 ήδικαστής
880 3010 962 3079 κατά
975 3013 1035 3098 δή-

84 3139 168 3200 μους
176 3111 353 3199 γενόμενος
366 3119 490 3196 κλοπῆς
501 3115 538 3178 έν
548 3123 618 3189 ταῖς
628 3109 791 3189 εύθύναις
806 3111 953 3198 ήλωκεν,
972 3110 1034 3177 ἀυ-

84 3222 222 3294 θρωπος
243 3213 343 3295 πένης
363 3211 419 3277 καί
440 3209 571 3297 ίδιοέτης
593 3211 648 3277 καὶ
669 3217 803 3278 πολλῶν
824 3208 960 3296 ἀπειρος
978 3214 1033 3278 καὶ

85 3307 256 3394 κληρωτήν
272 3304 377 3393 ἀρχήν
394 3306 511 3393 ἀρξας,
532 3308 639 3397 τούτῳ
658 3307 720 3394 μὲν
736 3306 797 3396 τήν
809 3312 1032 3377 δεκαπλασίαν

84 3406 184 3493 εἶναι,
206 3406 259 3473 καί
276 3403 382 3485 νόμον
399 3405 521 3475 οὐδένα
536 3421 604 3486 τοῖς
614 3406 776 3485 τοιούτοις
787 3409 1034 3528 ἐπικρνρούυπα

824 3505 867 3558 m
