2370 3854
176 197 239 259 264
376 198 470 258 xle.
512 192 929 252 ΔΗΜΟΣΘΕΝΟΤΣ

176 367 232 426 καί
248 354 332 425 κατά
349 351 446 421 πάντ’
466 351 589 430 ἀδίκως
605 357 704 437 ἔχων,
727 349 787 436 οὐχ
796 353 860 430 ἕξει
872 356 994 436 λέγειν·
1017 345 1132 421 άκονω

178 454 211 522 δ’
228 452 333 522 αὐτὸν
351 457 459 538 λέγειν
471 449 515 530 άς
525 452 703 517 έκτέτισται
714 450 755 516 τὰ
765 447 914 534 χρήματα
921 447 1134 534 Ἀνδροτίωνι

178 556 232 621 καὶ
242 553 412 639 Γλαυκέτῃ
424 551 479 618 καί
490 547 701 637 Μελανάπφ,
713 549 768 615 καὶ
778 545 831 615 ὅτι
843 545 1001 615 δεινότατ’
1012 543 1056 615 άν
1067 549 1135 615 πά-

178 662 237 719 θοι
254 651 389 718 πάντων
405 647 614 734 ἀνθρώπων,
639 654 669 715 εί
684 647 914 731 πεποιηκότων
933 650 1070 716 ἐκείνων
1093 645 1135 713 τά

179 755 305 834 δίκαια,
328 745 412 829 ὑπὲρ
432 739 480 813 οἷν
497 743 598 824 αὐτὸς
614 751 722 812 αίτίαν
739 751 803 830 ἔχει
819 754 932 813 θεῖναι
944 746 1003 813 τὸν
1015 746 1133 832 νόμον,
1145 764 1180 820 75

8 858 11 865 “
121 861 170 914 188
178 851 280 935 μηδὲν
297 837 397 932 ἦττον
415 842 515 923 αὐτὸς
526 841 702 911 ἁλίσκοιτο.
724 841 787 929 ἐγὼ
801 841 1136 931 δέτόνλόγονήγού-

178 974 236 1032 μαι
253 954 374 1012 τοῦτον
391 943 470 1011 οὐδὲ
486 940 568 1010 καθ’
581 946 619 1009 ἓν
631 947 740 1027 λέγειν
751 946 874 1011 ἐνεῖναι
883 942 999 1030 τοάτφ.
1034 948 1064 1009 εί
1074 942 1137 1026 μὲν

181 1043 244 1128 γάρ
262 1042 345 1125 ὑπὲρ
363 1042 508 1124 τούτων,
532 1038 591 1119 οὕς
608 1038 648 1107 τά
660 1041 872 1127 προσήκοντα
883 1038 1137 1128 φήςπεποιηκέ-

181 1169 252 1228 ναι,
273 1151 387 1208 θεῖναι
401 1138 463 1208 τὸν
473 1141 580 1226 νόμον
592 1137 782 1226 ὁμολογεῖς,
805 1139 878 1207 κατ’
891 1143 997 1209 έκείυο
1008 1139 1137 1225 προσή-

182 1267 233 1308 κει
245 1259 281 1310 σε
292 1239 489 1309 ἁλίσκεσθαι
500 1246 672 1325 φανερῶς,
685 1237 738 1307 ὅτι
748 1236 792 1325 μή
804 1241 935 1307 τνθέναι
948 1239 1064 1324 νόμον,
1077 1235 1138 1303 ε’άν

182 1337 226 1426 μή
244 1337 303 1410 τόν
321 1337 426 1408 αὐτὸν
443 1341 495 1407 ἐπὶ
506 1347 586 1407 πᾶσι
596 1353 663 1416 τοίς
673 1343 837 1423 πολίταις,
860 1335 1016 1422 άντικρυς
1031 1341 1065 1402 οἱ
1073 1334 1137 1403 κύ-

182 1462 247 1523 ριοι
256 1438 354 1524 νόμοι
364 1440 516 1523 λέγουσι,
528 1435 608 1505 καθ’
622 1436 681 1515 οὒς
692 1428 786 1503 οὗτοι
797 1437 948 1504 δικάσειν
959 1434 1137 1522 ὀμωμόκα-

121 1556 172 1610 189
183 1559 245 1603 σιν.
275 1543 305 1604 εί
315 1535 351 1604 δέ
361 1545 424 1603 τοῦ
435 1545 516 1603 πᾶσι
528 1539 757 1621 συμφέροντος
766 1536 864 1602 ἕνεκα
874 1543 978 1602 ταῦτα
990 1545 1138 1620 νομοθε-

182 1644 278 1720 τήσαι
290 1634 422 1720 φήσεις,
445 1633 490 1720 μή
504 1634 578 1718 λέγε
590 1631 651 1718 τήν
663 1637 787 1699 ἔκτισιν
798 1630 859 1717 τήν
869 1631 1014 1698 τούτων·
1037 1630 1138 1697 οὐδὲν

184 1731 248 1818 γάρ
268 1739 488 1821 κοινωνείτω
507 1731 596 1819 νόμω
608 1734 708 1820 τῷδε·
730 1726 1138 1812 άλλόὃςέπιτήδειόςέστι

184 1833 238 1896 καὶ
256 1837 364 1907 καλῶς
381 1836 465 1913 ἔχων
482 1826 500 1897 ὁ
517 1830 633 1914 νόμος,
654 1835 753 1895 τοῦτο
775 1832 917 1895 δίδασκε.
951 1833 1050 1894 τοῦτο
1071 1825 1137 1909 γάρ

184 1923 259 1993 ἐσθ’
278 1924 363 2008 ὑπὲρ
375 1918 419 1991 οὗ
428 1945 472 1991 συ
482 1923 543 2010 μὲν
554 1931 752 2010 εἰσενεγκεῖν
763 1922 847 2011 φής,
867 1920 932 2008 έγά
945 1923 980 1991 δὲ
991 1926 1137 2009 γέγραμ-

184 2049 243 2109 μαι
255 2019 416 2089 τάναντία
434 2023 590 2109 φάσκων,
615 2039 727 2107 κρίναι
742 2023 778 2092 δὲ
793 2023 954 2111 προσήκει
970 2030 1135 2090 τουτουσί.

184 2128 290 2189 καίτοι
300 2124 355 2190 καί
365 2121 457 2190 τοῦτ’
470 2119 533 2191 οὐκ
543 2119 738 2208 ἀπορήσαιμ’
751 2117 796 2189 άν
808 2125 919 2207 δεῖξαι,
933 2121 1041 2188 πάντα
1052 2128 1139 2205 μάλ-

185 2228 246 2286 λον
271 2214 293 2305 ή
313 2219 396 2287 κατὰ
419 2217 498 2298 τούς
520 2220 646 2306 νόμους
667 2224 911 2306 πεποιημένους
932 2217 995 2305 τήν
1016 2224 1139 2286 ἔκτισιν

186 2322 331 2396 ἐκείνους
351 2317 413 2404 τήν
434 2326 502 2386 τῶν
521 2319 711 2404 χρημάτων·
744 2317 828 2385 άλλὰ
848 2317 893 2403 μή
916 2320 990 2403 περὶ
1011 2316 1141 2384 τούτων

186 2416 280 2503 ὑμῶν
292 2417 454 2483 οἰσόντων
464 2414 526 2502 τήν
536 2425 651 2502 ψήφου
657 2466 667 2501 ,
690 2423 724 2483 τί
731 2421 784 2484 δεῖ
790 2424 892 2482 ταῦτα
910 2418 1048 2499 λέγοντα
1065 2418 1142 2482 ἐνο-

186 2526 275 2600 χλείν
284 2541 325 2599 με
335 2521 429 2593 νυνίς

128 2634 177 2686 190
273 2609 372 2697 Οἶμαι
388 2620 504 2679 τοίνυν
521 2608 625 2678 αὐτὸν
642 2607 715 2677 οὐδ’
735 2614 871 2677 ἐκείνων
882 2608 1143 2694 άφὲξεσθαιτάν

188 2711 315 2795 λόγων,
327 2709 372 2788 άς
383 2707 474 2777 δεινά
488 2705 531 2775 άν
541 2708 663 2792 πάθοι,
676 2714 706 2775 εί
715 2709 845 2792 γράψας
856 2705 947 2787 ὅπως
955 2707 1143 2795 Ἀθηναίων

188 2809 299 2893 μηδείς
310 2807 485 2892 δεθήσεται
495 2804 596 2885 αὐτὸς
606 2813 754 2874 πείσεταί
761 2835 791 2874 τι
802 2806 924 2893 κακὸν,
937 2811 992 2877 καί
1003 2808 1054 2876 ὅτι
1064 2809 1144 2886 τούς

188 2904 313 2990 νόμους
337 2901 381 2982 ως
401 2903 606 2988 πραοτάτους
627 2907 681 2972 καί
701 2905 941 2992 μετριωτάτους
957 2904 1040 2973 εἶναι
1057 2904 1141 2990 ὑπὲρ

188 3012 256 3072 τῶν
272 3000 448 3072 ἀδυνάτων
462 3001 591 3089 μάλιστ’
606 3007 703 3072 ἐστίν.
738 3004 821 3091 πρός
833 3004 872 3090 δή
884 3005 962 3084 τοὺς
972 3003 1144 3084 τοιούτους

188 3104 308 3187 λόγους
324 3107 454 3190 βέλτιον
464 3107 709 3189 προακηκοέναι
718 3102 820 3191 μικρά
834 3105 959 3182 πάντας
970 3103 1073 3190 ὑμᾶς,
1094 3100 1140 3170 ἵν’

129 3193 510 3286 ῐθιήττονέξαπατάσθε.
534 3200 617 3269 ὅταν
624 3202 685 3288 μὲν
695 3200 760 3287 γάρ
772 3204 861 3289 λέγῃ,
869 3201 958 3281 ὅπως
967 3204 1079 3287 μηδείς
1088 3206 1145 3268 δε*

184 3299 325 3384 θήσεται
339 3298 542 3385 Ἀθηναίων,
567 3299 610 3385 μή
624 3303 818 3367 λανθανέτω
830 3300 1035 3384 ψευδόμενος
1045 3296 1142 3382 ὑμεῖς.

186 3395 227 3462 οὐ
244 3391 309 3480 ’γάρ
327 3404 425 3464 τοῦτο
442 3401 609 3485 τέθεικεν,
632 3394 706 3465 ἀλλ’
726 3396 815 3476 ὅπως
832 3395 925 3483 ὑμεῖς
941 3397 1059 3480 άκυροι
1075 3403 1179 3471 τάν7
