2370 3854
174 228 215 288 62
382 229 451 284 XXI.
495 222 912 285 ΔΗΜΟΣΘΕΝΟῬΣ

174 385 233 474 γός
246 378 305 472 ήν·
326 391 374 463 τίς
392 381 435 451 ἀν
451 376 516 451 οὖν
535 384 651 467 ἑτέραν
667 386 770 451 εἵλετο
787 388 948 470 τιμωρίαν
963 377 986 470 ή
1007 382 1069 472 τήν
1091 388 1127 454 ἐκ

174 493 234 554 τοῦ
246 485 352 571 νόμου
364 482 447 550 κατά
458 491 526 551 τοῖν
538 483 613 566 περὶ
625 482 687 566 τήν
704 479 822 566 ἑορτήν
838 480 1047 549 ἀδικούντων
1064 477 1127 548 οδ·-

133 595 255 665 λλσανς
279 580 372 650 ταῦτ’
397 575 436 649 εὖ
459 579 523 648 οἶδ’
549 578 601 648 ὅτι
622 578 719 648 πάντ’
739 576 784 647 ἀν
800 585 911 666 ἔλεγεν
928 572 1025 659 οὗτος
1040 581 1125 649 τότε.

175 683 360 769 φεύγοντος
370 681 431 766 μὲν
443 677 525 766 γάρ,
544 678 650 765 οἶμαι,
667 681 723 747 καὶ
733 677 929 765 ἠδικηκότος
939 681 1007 747 ἐστὶ
1016 679 1053 746 τό
1066 678 1126 748 «όν

175 783 323 865 παρόντα
335 781 462 865 τρόπον
471 787 534 848 τού
545 784 663 847 δοῦναι
674 783 771 865 δίκην
788 777 1050 863 διακρουόμενον
1065 779 1127 846 τόν

176 881 238 950 οόκ
251 878 331 951 ἀνθ’
345 878 389 959 δς
400 884 464 947 ἔδει
475 881 633 964 γενέσθαι
644 882 768 963 λέγειν,
787 883 951 945 δικαστῶν
963 878 1002 945 δέ
1010 903 1047 961 γε
1058 897 1126 945 σω-

176 981 314 1067 φρόνων
335 978 463 1056 τούτοις
482 1004 518 1046 τε
539 977 583 1064 μή
600 981 772 1063 προσέχειν
788 979 843 1045 καὶ
860 973 902 1045 δν
918 971 961 1043 ἀν
978 977 1126 1063 λάβωσιν

133 1078 415 1164 θὸἀσελγαίνοντα
436 1077 596 1157 κολάζειν.
639 1076 682 1161 μή
706 1074 746 1162 δή
769 1083 868 1144 τοῦτο
891 1080 999 1160 λέγειν
1020 1072 1125 1145 αὐτόν

175 1183 267 1257 έοῖτε,
291 1175 342 1245 ότι
353 1178 408 1245 καί
419 1180 513 1256 δίκας
523 1181 608 1254 ίδίας
621 1180 755 1242 δίδωσιν
766 1173 785 1243 ὁ
797 1175 899 1259 νόμος
910 1201 966 1262 μοι
976 1176 1030 1242 καὶ
1040 1200 1125 1260 γρα-

175 1279 244 1364 φήν
256 1275 399 1363 ὕβρεως·
414 1279 528 1343 δίδωσι
539 1275 617 1360 γάρ·
633 1272 700 1341 ἀλλ’
714 1271 759 1352 άς
769 1271 811 1340 ού
823 1281 1001 1360 πεποίηκεν
1013 1271 1034 1341 δι’
1044 1299 1125 1340 κατ-

174 1377 342 1462 ηγόρηκα,
366 1370 389 1461 ή
417 1371 609 1460 πεποιηκώς
632 1370 674 1440 ού
696 1375 771 1454 περὶ
792 1371 854 1458 τήν
874 1370 993 1457 ἑορτήν
1007 1370 1123 1447 ἀδικεῖ,

174 1483 272 1543 τοῦτο
285 1473 461 1542 δεικνύτω·
483 1480 581 1540 τούτο
593 1473 657 1557 γάρ
670 1469 774 1539 αὐτόν
790 1474 854 1558 ἐγώ
872 1468 1122 1559 προύβαλόμην,

174 1576 228 1641 καὶ
241 1574 315 1655 περὶ
326 1572 448 1639 τούτου
458 1569 520 1657 τὴν
530 1579 646 1656 ψήφου
656 1580 761 1639 οἴσετε
772 1578 838 1638 νῦν
848 1568 949 1656 ὑμεῖς.
976 1576 1006 1638 εί
1015 1568 1044 1636 δ’
1059 1567 1123 1654 ἐγω

173 1670 235 1758 τήν
253 1673 306 1739 ἐπὶ
327 1677 395 1737 τῶν
416 1675 510 1737 ίδίων
531 1675 634 1737 δικῶν
652 1675 843 1750 πλεονεξίαν
861 1667 955 1754 ἀφείς
971 1677 1013 1758 τῇ
1030 1667 1125 1737 πόλει

173 1776 361 1855 παραχωρῶ
367 1774 425 1853 τῆς
433 1773 598 1853 τιμωρίας,
605 1769 660 1835 καὶ
668 1773 790 1834 τούτου
799 1767 934 1852 είλόμην
941 1765 1002 1835 τὸν
1010 1767 1124 1852 ἀγωνα

173 1866 234 1953 ἀφ’
249 1860 293 1935 ού
303 1866 407 1953 μηδὲν
417 1871 484 1934 ἔστι
495 1874 605 1953 λήμμα
618 1873 731 1953 λαβεῖν
744 1869 828 1952 ἐμοὶ,
847 1867 959 1953 χάριν,
983 1865 1023 1936 ού
1040 1866 1126 1954 βλά-

174 1973 240 2053 βην
251 1963 360 2050 δήπου
370 1962 464 2031 τοῦτ’
475 1960 518 2031 ἀν
529 1965 662 2043 εἰκότως
673 1968 801 2049 ἐνέγκοι
811 1992 866 2052 μοι
877 1963 956 2050 παρ’
970 1963 1074 2052 ὑμῶν.

131 2073 167 2128 29
262 2063 346 2133 Οίδα
367 2070 484 2131 τοίνυν
505 2061 557 2132 ότι
577 2064 632 2131 καὶ
652 2064 759 2154 τούτῳ
777 2073 890 2154 πολλῷ
906 2063 1061 2150 χρήσεται
1077 2073 1126 2152 τῷ

175 2164 264 2253 λόγω
277 2160 344 2248 “μή
362 2188 402 2248 με
413 2165 626 2248 Δημοσθένει
637 2167 826 2249 παραδῶτε,
849 2164 930 2251 μηδὲ
942 2163 995 2232 διά
1007 2173 1125 2250 Δημο-

171 2260 320 2348 “σθε’νην
331 2286 372 2347 με
384 2257 529 2347 ἀνέλητε.
551 2259 604 2330 ότι
614 2266 727 2351 ἐκείνω
740 2271 888 2349 πολεμῶ,
907 2263 961 2331 διά
972 2262 1072 2331 τοῦτό
1083 2289 1124 2349 με

167 2355 417 2447 “ἀναιρήσετε;”
429 2359 617 2429 τὰτοιαῦτα
628 2362 786 2440 πολλάκις
796 2361 859 2431 οἷδ’
872 2361 923 2430 ότι
934 2366 1124 2448 φθέγξεται,
1133 2381 1168 2435 52

173 2457 377 2544 βουλόμενος
394 2456 530 2540 φθόνου
546 2457 621 2525 τινά
638 2463 708 2544 ἐμοὶ
725 2458 778 2527 διά
796 2461 923 2527 τούτων
935 2468 1002 2527 τῶν
1013 2460 1126 2546 λόγων

130 2567 164 2619 30
173 2555 341 2638 συνάγειν.
365 2559 429 2640 ἔχει
440 2552 470 2622 δ’
483 2554 543 2641 ούχ
556 2554 643 2624 οὕτω
654 2566 772 2639 ταῦτα,
785 2556 858 2625 οὐδ’
873 2559 977 2643 ε’γγύς.
1002 2556 1125 2626 οὐδένα

172 2654 237 2739 γάρ
248 2662 316 2721 των
327 2650 538 2721 ἀδικούντων
549 2652 642 2740 ὑμεῖς
652 2655 765 2723 οὐδενὶ
775 2662 844 2722 τῶν
855 2655 1050 2740 κατηγόρων
1067 2657 1083 2722 έ
1104 2697 1123 2706 -

174 2757 295 2821 δίδοτε·
319 2749 399 2819 οὐδὲ
408 2751 473 2835 γάρ
484 2752 618 2820 ἐπειδάν
629 2752 774 2842 ἀδικηθῇ
786 2781 848 2838 τις,
872 2752 917 2831 εδς
927 2750 970 2821 ἀν
987 2755 1124 2834 ἕκαστος

174 2848 259 2935 ύμάς
280 2846 297 2916 ὁ
319 2850 443 2917 παθαδν
460 2857 572 2938 πείσῃ,
595 2862 743 2920 ποιεῖσθε
760 2851 823 2938 τήν
838 2859 1014 2939 τιμωρίαν,
1037 2852 1122 2920 ἀλλά

173 2947 372 3018 τούναντίον
393 2946 517 3033 νόμους
532 2955 655 3017 ἔθεσθε
672 2947 735 3036 πρδ
755 2959 823 3018 ταῖν
840 2947 1050 3039 ἀδικημάτων
1067 2950 1119 3018 ἐπ’

174 3048 309 3136 ἀδήλοις
320 3051 381 3135 μὲν
393 3061 460 3126 τοῖς
473 3045 706 3134 ἀδικήσουσιν,
731 3047 863 3134 ἀδήλοις
874 3053 909 3118 δὲ
921 3064 989 3129 τοῖς
1005 3047 1122 3136 ἀδικη-

174 3154 334 3234 σομένοις.
368 3138 461 3215 οὗτοι
480 3150 515 3215 δὲ
525 3153 558 3214 τί
567 3156 720 3216 ποιοῦσιν
732 3151 765 3215 οί
773 3148 886 3235 νόμοι;
908 3155 1011 3215 πᾶσιν
1022 3147 1122 3216 ὑπισ-

173 3255 330 3332 χνούνται
340 3261 407 3324 τοῖς
419 3249 455 3314 έν
466 3273 505 3335 τη
517 3245 611 3314 πόλει
623 3251 735 3332 δίκην,
754 3243 797 3314 ἀν
808 3245 955 3335 ἀδικηθῇ
965 3274 1028 3328 τις,
1049 3254 1121 3315 ἔσε-

174 3355 255 3412 σθαι
268 3343 311 3411 δι’
327 3343 440 3413 αύτοόυ
451 3352 574 3432 λαβεῖν.
597 3344 679 3413 ὅταν
689 3352 804 3415 τοίνυν
814 3356 882 3414 τῶν
893 3344 1118 3432 παραβαινόν-

172 3469 240 3510 των
255 3441 330 3510 τινά
344 3443 423 3523 τούς
441 3442 565 3530 νόμους
581 3445 753 3533 κολάζητε,
775 3443 817 3514 ού
836 3460 904 3524 τοῖς
925 3443 1121 3531 κατηγόροις
