2370 3854
47 126 70 191 Η.

276 183 418 246 ΚΑΤΑ
438 184 899 248 ΑΡΙΣΤΟΚΡΑΤΟῬΣ.
1003 189 1064 250 203

51 382 54 387 ·
109 347 217 437 ελχονς
237 344 370 433 σφόδρα
379 336 1066 432 γε,ώἀνδρεςἈδηναῖοι,καίἀπεδίδοσάν

108 470 148 533 γε
158 441 341 515 καλαὺτών
350 439 517 511 κάκείνων
526 438 637 522 ἀξίαν·
660 441 829 528 ὅντεςγάρ
841 453 968 515 πολλοῦ
978 446 1067 516 κάν-

109 570 164 625 τες
172 542 261 625 ἀξιοι
279 538 487 627 προῦκρινον
503 542 649 620 ἐκείνους
670 538 783 608 αὐτῶν
801 537 964 628 ἡγεῖσθαι.
998 551 1066 615 ἔστι

108 640 148 714 δλ
158 641 335 728 σώφροσιν
345 637 540 728 ἀνθρώποις
557 638 712 727 καὶπρὸς
730 637 894 726 ἀληθειαν
902 649 1067 730 βουλομέ-

51 764 183 825 ιςρνοις
193 754 333 809 σκοπεῖν
348 737 436 807 πολὺ
453 743 574 824 μείζων
591 737 667 825 τιμὴ
683 746 742 826 τῆς
757 746 880 826 χαλκῆς
891 738 1018 820 εἰκόνος
1027 740 1065 809 τό

108 836 398 923 καλώνκάγαθεῖν
409 836 545 923 ἀνδρών
561 843 739 920 κεκρίσθαι
748 837 911 925 πρώτους.
934 839 1066 925 καλγάρ

108 965 163 1009 τοι
171 942 242 1007 τών
253 943 362 1024 ἔργων
372 943 441 1004 τών
451 934 536 1022 τότε,
549 928 578 1003 ἀ
588 933 709 1023 ἀνδρες
715 934 906 1024 Ἀθηναῖοι,
927 935 1067 1017 οὐδενός

108 1036 340 1123 ἀπεστέρησαν
351 1031 501 1119 ἑαυτοός,
514 1032 591 1102 οὐδ’
601 1041 690 1103 ἔστιν
700 1034 811 1115 οὐδεὶς
821 1033 912 1114 ὅστις
923 1030 967 1103 ἀν
979 1046 1067 1105 είποι

109 1132 174 1223 τὴν
184 1137 398 1220 ἐνΣαλαμῖνι
409 1139 595 1218 ναυμαχίαν
606 1135 877 1219 Θεμιστοκλέους,
884 1131 954 1201 ἀλλ’
965 1133 1066 1222 Ἀθη-

110 1239 234 1318 ναίων,
258 1229 339 1301 οὐδὲ
349 1231 411 1318 την
421 1238 618 1316 Μαραθῶνι
634 1232 743 1317 μάχην
752 1235 960 1318 Μιλτιάδου,
980 1232 1063 1301 ἀλλά

109 1340 168 1421 τῆς
178 1330 315 1410 πόλεως.
341 1339 407 1398 νῦν
420 1326 464 1417 δ’,
478 1322 505 1396 ἀ
516 1329 637 1409 ἀνδρες
644 1327 826 1418 Ἀθηναῖοι,
838 1334 955 1401 πολλοὶ
965 1340 1064 1399 τοῦτο

109 1437 283 1519 λέγουσιν,
303 1427 347 1510 ώς
359 1432 538 1515 Κέρκυραν
555 1424 621 1498 εἷλε
637 1431 802 1517 Τιμόθεος
816 1433 871 1498 καί
882 1428 944 1516 τὴν
955 1430 1065 1516 μόραν

109 1532 296 1610 κατέκοψεν
303 1528 489 1615 Ἰφικράτης
505 1531 561 1596 καὶ
577 1526 640 1616 την
656 1531 732 1615 περὶ
742 1527 859 1609 Νάξον
875 1532 968 1598 ἐνίκα
979 1556 1046 1598 ναυ

110 1636 232 1715 μαχίαν
242 1634 403 1714 Χαβρίας·
428 1631 553 1696 δοκεῖτε
563 1624 806 1713 γάραύτοὶτών
816 1632 924 1715 ἔργων
935 1630 1065 1697 τούτων

110 1741 321 1814 παραχωρεῖν
332 1734 401 1794 τῶν
416 1733 522 1812 τιμῶν
537 1739 609 1806 ταῖς
626 1725 827 1814 ὑπερβολαῖς
844 1723 895 1805 αἷς
907 1725 1060 1794 δεδώκατ’

51 1848 102 1905 199
111 1824 157 1895 ἐπ’
171 1824 284 1904 αὐτοῖς
295 1825 423 1916 ἕκάστφ
434 1823 573 1893 τούτων.
607 1824 666 1905 τάς
681 1831 743 1912 μὲν
761 1823 802 1913 δὴ
814 1823 985 1906 πολιτικάς
997 1831 1063 1894 δω-

111 1923 188 2010 ρεάς
198 1922 305 2002 οὕτως
316 1927 440 1993 ἐκεῖνοί
447 1950 482 1993 τε
493 1933 602 2005 καλῶς
612 1928 667 1994 καί
679 1925 940 2006 λυσιτελούντως
951 1923 1064 2006 αὐτοῖς

109 2028 263 2093 ἐδίδοσαν
273 2027 329 2093 καὶ
338 2022 432 2112 ἡμεῖς
442 2024 504 2093 οὐκ
516 2023 643 2113 ὀρθῶς·
666 2024 850 2106 τάςδὲτών
861 2027 965 2107 ξένων
976 2034 1063 2105 πώςς

108 2127 229 2192 ἐκεῖνον
239 2124 379 2192 Μένωνι
387 2130 436 2210 τῷ
448 2130 625 2215 Φαρσαλίῳ
637 2124 766 2192 δώδεκα
776 2123 990 2208 μδντάλαντα
1001 2120 1064 2208 ἀρ-

108 2230 229 2309 γυρίου
240 2221 333 2290 δόντι
351 2220 434 2303 πρὸς
450 2221 510 2288 τόν
525 2218 574 2289 ἐπ’
584 2219 691 2289 Ἠϊόνι
709 2229 752 2306 τῇ
772 2218 856 2303 πρός
869 2216 1064 2304 Ἀμφιπόλει
1071 2245 1119 2301 68η

109 2321 273 2404 πόλεμον,
285 2322 485 2399 τριακοσίοις
498 2315 527 2384 δ’
541 2323 679 2385 ίππεΰσι
689 2319 861 2394 πενέσταις
873 2320 969 2393 ἰδίοις
979 2322 1064 2400 βοη-

109 2417 269 2502 θήσαντι,
293 2411 356 2482 οὐκ
377 2412 589 2501 ἐψηφίσαντ’,
612 2411 717 2483 αὐτόν
736 2412 780 2483 ἀν
799 2439 849 2495 τις
871 2410 1060 2501 ἀποκτείυη,

110 2513 278 2603 ἀγώγιμον
298 2513 392 2603 είναι,
416 2512 500 2585 ἀλλά
521 2520 688 2584 πολιτείαν
709 2518 841 2600 ἔδοσαν,
862 2515 919 2582 καί
938 2512 1063 2599 ταύτην

47 2629 101 2682 200
112 2614 231 2702 ίκανην
241 2611 480 2703 ὑπελάμβανον
491 2613 575 2682 εἶναι
584 2612 648 2700 την
657 2613 765 2702 τιμήν.
795 2613 1064 2695 καίπάλινΠερ-

113 2721 209 2802 δίκκηι
231 2723 279 2801 τῷ
301 2713 383 2781 κατὰ
401 2712 464 2800 την
479 2722 541 2780 τοῦ
556 2712 732 2802 βαρβάρου
749 2709 823 2781 ποτ’
837 2714 1064 2794 ἐπιστρατείαν

112 2813 323 2899 βασιλεύοντι
335 2814 561 2896 Μακεδονίας,
571 2809 651 2892 τούς
660 2810 915 2900 ἀναχωροῦντας
925 2814 960 2880 ἐκ
970 2816 1065 2878 Πλα-

112 2917 216 2975 ταιῶν
226 2909 486 2998 τῶνβαρβάρων
504 2915 736 2996 διαφθείραντι
750 2913 805 2982 καί
821 2914 948 2980 τέλειον
962 2906 1064 2977 τάτύ-

113 3033 199 3094 χημα
211 3007 386 3096 ποιήσαντι
395 3017 443 3101 τῷ
453 3017 591 3098 βασιλεῖ,
603 3007 666 3078 οὐκ
676 3011 882 3098 ἐψηφίσαντο
893 3004 1064 3091 ἀγώγιμον

113 3105 208 3189 εἶναι,
221 3105 264 3174 ἀν
275 3134 323 3187 τις
334 3105 513 3198 ἀποκτείνη
522 3111 723 3194 Περδίκκαν,
742 3100 770 3198 β
780 3101 964 3196 βασιλεδςὸ
975 3110 1063 3185 Περ-

113 3213 185 3274 σῶν
195 3205 315 3294 ἐχθρός
326 3206 364 3277 δι’
375 3207 463 3296 ἡμᾶς
474 3207 695 3293 ἀπεδέδεικτο,
707 3204 791 3274 ἀλλά
802 3207 972 3273 πολιτείαν
982 3205 1066 3268 ἔδω-

115 3329 180 3372 καν
191 3306 306 3391 μόνον.
329 3310 384 3376 καί
394 3308 458 3394 γάρ
469 3333 520 3375 τοι
532 3305 606 3375 τότε
617 3304 679 3394 μὲν
689 3302 779 3372 οὕτω
789 3309 900 3390 τίμιον
909 3293 953 3388 ἦν
964 3305 1067 3368 πᾶσιν

117 3400 313 3491 ἀνθρώποις
323 3403 360 3473 τό
370 3410 529 3492 γενέσθαι
538 3411 685 3484 πολίταις
695 3399 769 3488 παρ’
782 3397 862 3488 ὑμῖν
887 3396 969 3468 ὥσθ’
981 3394 1066 3479 ὑπὲρ
