2370 3854
136 236 199 301 ιοο
232 223 235 228 ’
339 237 436 295 xxm.
469 228 891 294 ΔΗΜοΣεεΝονΣ

136 403 286 485 Φρυγίας
305 423 360 465 και
349 396 502 472 Λυδίας
519 392 575 460 καὶ
590 395 829 477 Παφλαγονίας
844 397 965 472 οἰκείας
981 391 1098 482 ούσης,

135 526 180 590 τω
169 495 231 566 δ’
251 491 360 564 ούδΗ
344 499 460 564 οτιούν
477 491 559 560 άλλο
577 488 665 577 πλήν
682 497 855 577 πολιορκία
866 492 1096 581 περιειστήκει.

77 608 126 664 156
140 595 343 682 αίωθομενος
360 589 392 662 δ
411 618 454 660 ου
464 618 509 679 ην
527 617 635 660 κακον
622 592 708 658 καὶ
728 589 889 678 λογισμὸν
909 592 1067 681 λαβιδν
1045 619 1098 663 οτι

139 695 366 784 ληφθήσεται,
384 686 449 759 κάν
465 695 581 778 μηδενί
591 716 661 758 των
672 689 801 776 ἄλλων,
818 698 914 779 τῷγε
925 700 1027 784 λιμηιῑ,
1051 692 1098 762 εί-

138 800 211 881 δεν,
238 803 302 862 είτε
314 792 356 880 δή
367 817 457 870 τινος
468 789 618 868 εἰπόντος
630 785 691 857 είτ’
703 815 804 868 αυτος
814 789 986 878 συνείς,
966 817 1018 860 οτι
1028 812 1098 861 σω-

135 902 232 981 τηρία
253 892 340 980 μύνη
357 887 481 978 γένοιτ’
498 884 542 957 άν
557 887 665 977 αύτῷ,
688 886 773 975 ήπερ
792 887 941 970 ἅπαντας
958 882 1094 976 άνθρύ-

29 1008 33 1017 “
134 1018 219 1070 πους
240 992 345 1071 στάζει.
378 995 445 1057 ἔστι
468 986 499 1057 δ’
519 987 604 1073 αὕτη
621 994 686 1068 τίς;
708 984 906 1075 ήὺμετέρα,
930 983 1097 1078 αἰάνδρες

12 1105 17 1113 ’
133 1088 322 1176 Ἀθηναῖοι,
336 1098 400 1157 είτε
411 1086 472 1174 χρή
485 1091 745 1174 φιλανθρωπίαν
756 1089 866 1173 λέγειν
877 1086 947 1156 τίδ’
959 1086 979 1157 ὅ
989 1115 1021 1157 τι
1034 1091 1097 1176 δή-

137 1213 226 1257 ποτε.
259 1187 364 1274 γνούς
383 1188 418 1255 δὲ
433 1194 532 1254 τούτο
544 1187 666 1271 πέμπει
674 1184 736 1273 τήν
747 1186 924 1273 ἐπιστολήν
934 1185 1032 1276 ὑμῖν,
1056 1181 1098 1275 ής

137 1287 230 1368 άξιύν
242 1290 333 1355 ἐστιν
344 1283 503 1370 ἀκούσαι,
526 1283 734 1372 βουλόμενος
746 1285 801 1354 διὰ
813 1294 871 1373 τής
888 1283 1098 1374 ὑποσχέσεως

136 1392 200 1453 τού
209 1394 400 1472 κομιεῖσθαι
409 1382 627 1471 Χερρόνησον
638 1382 734 1471 ὑμῖν,
746 1388 801 1453 καί
815 1388 869 1452 διά
880 1392 942 1453 τοῦ
954 1384 1015 1454 τὸν
1023 1393 1096 1474 Κη-
1106 1393 1141 1450 67

138 1484 319 1568 φισύδοτον
331 1488 441 1552 δοκεῖν
454 1481 578 1568 ἐχθρὸν
589 1482 671 1552 ὄντα
680 1483 877 1564 τοῦΚύτυος
886 1487 1010 1553 καὶτοῦ
1017 1483 1099 1571 Ἰφι-

141 1583 285 1664 κράτους
301 1588 405 1649 ταύτα
421 1581 623 1667 βούλεσθαι,
645 1585 791 1668 τριήρων
807 1579 995 1668 εὐπορήσας
1016 1589 1096 1668 παρ’

30 1752 32 1757 ς
80 1705 129 1761 157
140 1678 237 1766 ὑμῶν
247 1677 634 1766 άσφαλύςὲκτήςἈσίας
644 1677 838 1764 ἀποδράναι.
862 1691 894 1748 τί
903 1678 943 1766 δή
956 1688 1100 1768 συμβαί-

139 1807 191 1847 νει
212 1776 383 1866 παραυτά,
407 1777 493 1847 ὅθεν
513 1779 690 1866 ἐξηλέγχθη
711 1778 749 1848 τὸ
771 1777 898 1867 πρᾶγμ’
921 1777 976 1849 ἐπ’
995 1777 1098 1848 αύτο·

140 1877 260 1965 φάρμ;
282 1875 300 1945 ὁ
312 1879 463 1962 Μέμνων
476 1879 532 1945 καί
543 1875 561 1943 ὁ
572 1880 734 1964 Μέντωρ,
747 1883 782 1946 οί
789 1881 944 1967 κηδεσταὶ
953 1888 1016 1947 τού
1022 1877 1099 1966 ’Δρ

139 1975 300 2061 ταβάζου,
318 1975 494 2062 ἅνθρωποι
504 1979 576 2045 νέοι
585 1978 641 2045 καὶ
651 1982 844 2065 κεχρημένοι
855 1977 1097 2066 ἀπροσδοκήτῳ

139 2076 273 2164 εύτυχίᾳ
283 2083 324 2164 τῇ
334 2081 396 2143 τού
403 2073 601 2163 Ἀρταβάζου
610 2080 742 2166 κηδείᾳ,
753 2079 954 2165 βουλόμενοι
963 2085 1022 2165 της
1030 2076 1098 2164 χιύ-

138 2201 199 2260 ρας
217 2171 331 2260 άρχειν
348 2169 453 2253 εύθὺς
463 2176 499 2241 ἐν
510 2174 690 2264 είρήνηκαὶ
701 2183 862 2261 τιμᾶσθαι
872 2179 928 2245 καί
938 2177 982 2265 μή
995 2184 1098 2245 πολε-

137 2288 212 2362 μεῖν
225 2275 312 2360 μηδὲ
327 2273 555 2357 κινδυνεύειν,
578 2282 736 2345 πείθουσι
750 2272 810 2346 τὸν
819 2273 1018 2364 Ἀρτάβαζον
1035 2277 1098 2343 τού

137 2371 199 2459 μὲν
209 2381 425 2459 τιμωρεῖσθαι
434 2397 495 2441 τον
502 2379 696 2461 Χαρίδημον
706 2371 883 2461 άφεῖσθαι,
905 2373 1098 2443 ἀποστεῖλαι

138 2470 171 2540 δ’
183 2469 417 2557 ὑπόσπονδον,
435 2472 647 2552 διδάσκοντες
658 2470 702 2551 ὡς
712 2470 821 2559 ὑμεῖς,
839 2468 904 2541 κάν
914 2476 1037 2553 ἐκεῖνος
1049 2471 1095 2561 μή

76 2593 128 2649 158
136 2571 231 2656 θέλη,
246 2573 416 2656 διαβιβάτε
426 2571 481 2639 καί
491 2566 534 2637 ού
546 2569 725 2657 δυνήσεται
736 2570 890 2639 κωλύειν.
913 2567 956 2652 ὡς
968 2571 1096 2657 δὲτυγ-

136 2669 228 2755 χάνει
244 2667 366 2754 ταύτης
382 2676 440 2754 τής
455 2665 583 2755 άλύγου
599 2670 653 2736 καί
664 2666 920 2757 ἀπροσδοκήτου
930 2677 1094 2758 σωτηρίας

136 2765 155 2834 ὁ
172 2770 379 2852 Χαρίδημος,
402 2762 565 2852 διαβάςί
534 2792 580 2846 ες
596 2764 658 2854 τήν
674 2767 891 2855 Χερρόνησον
909 2766 966 2854 ἐφ’
988 2767 1096 2837 αὑτοῦ

137 2864 239 2934 διά
203 2890 261 2942 τας
272 2862 430 2949 σπονδάς,
441 2865 604 2934 τοσούτου
614 2869 750 2953 ἐδέησεν
759 2868 915 2935 ἐπελθεῖν
925 2893 971 2956 τω
955 2865 1094 2951 Κύτυῖ,

135 2960 313 3088 γεγραφώς
334 2961 387 3031 ὅτι
402 2960 464 3050 ούχ
480 2960 638 3051 ὑπομινει
627 2965 762 3043 Κότυς
778 2963 883 3034 αύτὸν
898 2960 1095 3049 ἐπιόντα,’“
1071 2992 1093 3050 η

136 3065 199 3153 τήν
218 3060 437 3151 Χερρόνησον
464 3060 555 3142 ὅπως
580 3073 751 3184 κομιεῖσθε
778 3061 871 3150 ὑμεῖς
892 3066 1094 3151 συμπρᾶξαι,

137 3161 221 3232 ωστε
243 3164 344 3232 πάλιν
365 3160 538 3249 μισθώσας
560 3159 663 3232 αὑτὸν
682 3187 728 3252 τω
716 3161 853 3230 Κότυῖ
868 3160 909 3230 τά
926 3161 1095 3230 ὑπόλοιπα

136 3269 204 3331 τῶν
220 3262 390 3350 ὑμετέρων
407 3268 540 3350 χωρίων
550 3228 732 3347 Κριθωτήν
747 3259 819 3329 καῖ’
815 3268 1002 3330 Ελαιούντα
1012 3261 1095 3328 ἐπο-

136 3360 269 3445 λιόρκει.
292 3363 346 3428 καὶ
356 3358 409 3429 ὅτι
419 3369 539 3447 ταῦτα,
551 3362 606 3429 καὶ
617 3356 715 3445 ἡνίκα
724 3357 772 3427 ἔτ’
784 3352 828 3447 ήν
840 3362 877 3428 ἐν
887 3365 927 3446 τῇ
935 3356 1027 3448 Ἀσίμ
1037 3360 1095 3428 καὶ

135 3455 199 3547 τήν
210 3455 386 3548 ἐπιστολήν
395 3465 520 3547 ἔπεμπε
529 3457 613 3546 πρὸς
624 3456 719 3547 ὑμᾶς,
733 3455 886 3545 ἔγνωκάς
897 3469 1003 3525 ποιεῖν
1014 3459 1097 3542 ἑφε·
