2370 3854
138 195 179 256 84
347 199 417 255 xxl.
455 194 878 258 ΔΗΜΟΣΘΕΝΟῬΣ

77 354 277 444 105τοιούτφ
288 354 391 442 λόγῳ,
409 353 483 423 οὐδ’
497 352 655 440 ὤκνησεν.
677 351 751 422 ἀλλ’
764 352 844 424 οὐδὲ
854 353 938 439 πρὸς
948 351 1008 434 ούς
1019 359 1093 423 ἕλε·

137 479 198 539 γεν
208 449 332 531 αύτούς
342 451 493 542 ᾐσχύνθη
505 503 513 535 ,
530 458 560 520 εί
570 459 700 519 τοιοῦτο
712 450 818 520 κακὸν
826 455 882 521 καλ
892 460 1091 539 τηλικοῦτον

138 547 259 629 άδίκας
272 551 386 638 ἐπάγει
396 577 452 641 τφ,
465 548 539 617 ἀλλ’
551 551 611 616 ἕνα
622 548 705 634 ὅρον
715 552 857 636 θέμενος
867 550 966 618 παντί
976 550 1090 641 τρόπῳ

137 673 177 733 με
188 645 335 734 ιἰνελεῖν,
353 647 453 718 οὐδὲν
464 650 623 715 ἐλλείπειν
635 645 717 736 ᾤετο
729 652 816 734 δεῖν,
835 646 983 735 άςδέον,
1002 657 1035 716 εί
1041 654 1091 726 τις

138 743 313 830 ὑβρισθεὶς
323 743 390 814 ύπὸ
401 745 523 814 τούτου
534 748 625 830 δίκης
635 741 723 825 άξιοῖ
730 760 839 832 τυχεῖν
849 748 904 814 καὶ
914 745 959 833 μὴ
969 753 1090 835 σιωπᾷ,

137 851 258 912 τοῦτον
274 844 443 929 ἐξόριστον
459 841 650 932 ἀνῃρῆσθαι
666 845 721 911 καί
738 847 873 930 μηδαμῆ
890 850 1090 930 παρεθῆναι,

138 937 221 1007 ἄλλα
238 943 294 1010 καὶ
311 947 499 1021 λιποταξίου
515 938 650 1027 γραφὴν
665 938 829 1028 ἡλωκέναι
846 944 900 1009 καὶ
913 940 969 1026 ἐφ’
979 946 1091 1028 αἵματι

138 1039 276 1124 φεύγειν
298 1042 353 1108 καί
375 1040 481 1125 μόνον
501 1036 544 1107 ού
564 1047 812 1125 προσηλοσθαι.
858 1044 966 1106 καίτοι
984 1035 1089 1107 ταῦθ’
1098 1048 1135 1102 σε

136 1241 226 1312 τίνος
242 1234 440 1322 συγγνώμης
453 1229 476 1321 ἢ
492 1242 581 1315 τίνος
597 1237 692 1304 ἐλέου
705 1241 839 1316 δικαίως
849 1235 996 1317 τεύξεται
1006 1233 1086 1322 παρ’

76 1349 128 1405 106
138 1330 249 1419 δμῶας
262 1334 327 1418 ἐγώ
338 1332 473 1420 μὲνγὰρ
485 1330 600 1420 αὐτὸν,
612 1327 956 1420 άάνδρεςἏθηναῖοι,
966 1339 1088 1418 νομίζει

137 1427 312 1516 αὐτόχειρά
335 1457 400 1516 μου
421 1439 624 1518 γεγενῆσθαι
644 1432 773 1512 τούτοις
794 1446 863 1511 τοῖς
884 1436 1009 1517 ἔργοις,
1032 1431 1089 1498 καὶ

136 1528 209 1595 τότε
220 1527 282 1612 μὲν
292 1540 360 1606 τοῖς
369 1535 561 1609 Διονυσίοις
571 1527 634 1615 τήν
644 1528 861 1616 παρασκευὴν
871 1530 927 1598 καλ
936 1525 973 1596 τδ
992 1535 1089 1614 σῶμα

136 1627 192 1693 καὶ
207 1623 424 1714 τάναλάμαθ’
444 1625 606 1715 ὑβρίζειν,
631 1633 696 1695 νύν
712 1625 748 1695 δὲ
763 1625 894 1706 τούτοις
915 1620 965 1706 οἷς
986 1628 1089 1693 ἐποίει

136 1727 190 1791 καί
201 1724 408 1810 διεπράττετο
420 1727 530 1796 ἐκεῖνά
541 1751 575 1792 τε
586 1727 640 1792 καὶ
651 1750 691 1791 τοι
679 1724 801 1791 λοιπά
813 1722 922 1791 πάντα
929 1721 1012 1810 ,τὴν
1023 1721 1088 1791 πύ-

136 1829 208 1910 λιν,
229 1821 393 1912 τὸγένος,
415 1851 477 1912 την
487 1827 666 1910 ἐπιτιμιαν,
688 1823 748 1900 τάς
764 1825 913 1900 ἐλπίδας·
935 1818 1013 1889 εί
974 1847 1038 1906 γαρ
1050 1824 1089 1888 ἓν

138 1946 187 1987 ιον
197 1922 416 2009 πεβουλενσε
428 1923 670 2006 κατωρθασεν
682 1943 840 1988 απαυτων
850 1946 894 1987 αν
905 1918 1089 2007 απεστερη-

136 2018 276 2105 μιγνέγιδ
289 2023 344 2087 καλ
354 2020 437 2105 μηδε
448 2046 593 2106 ταφηναι
604 2038 838 2104 προσυπηρχεν
849 2026 934 2084 οίκοι
944 2043 1008 2102 μοι
1033 2018 1088 2084 διά

136 2122 170 2183 τί
173 2115 315 2202 ανδρες
326 2121 528 2195 δικαστα
512 2115 631 2202 είγάρ,
643 2117 702 2184 ίαν
712 2141 761 2194 τις
771 2112 860 2199 παρά
873 2140 999 2192 παντας
1008 2140 1089 2194 τους

136 2214 262 2298 νόμους
278 2210 434 2299 ύβρισθελ
435 2240 452 2293 ς
468 2211 534 2282 ύπο
524 2211 690 2282 Μειδίου
705 2220 845 2300 βοηθεῖν
864 2208 954 2302 αὑτῷ
971 2219 1090 2295 πειρᾶ-

136 2339 205 2394 ται,
228 2317 331 2378 ταῦτα
353 2312 409 2381 καλ
429 2310 563 2381 τοιαῦθ’
584 2309 669 2399 ἕτερ’
688 2308 778 2400 αύτςο
765 2317 918 2379 παθεῖν
935 2305 1087 2394 ὑπάρξει,

136 2423 338 2492 προσκυνεῖν
348 2408 426 2489 τούς
436 2408 628 2498 ὑβρίζοντας
640 2408 751 2496 ὥσπερ
762 2413 800 2476 ἐν
809 2422 878 2486 τοῖς
894 2405 1086 2494 βαρβάροις,

77 2527 127 2583 107
137 2501 199 2572 οὐκ
216 2501 404 2591 άμύνεσθαι
419 2507 596 2591 κράτιστον
613 2513 711 2575 ἔσται.
746 2505 829 2575 ἀλλὰ
841 2503 909 2591 μὴν
921 2502 964 2584 ὡς
975 2502 1097 2592 άληθῆ.

136 2605 220 2687 λέγω
240 2605 296 2672 καὶ
318 2609 606 2691 προσεξείργασται
625 2611 790 2690 ταῦτατῷ
807 2607 960 2692 βδελυρῷ
979 2603 1086 2693 τούτῳ

137 2704 193 2770 καλ
203 2699 348 2788 άυαιδεῖ,
359 2702 453 2771 κάλει
463 2730 519 2789 μοι
530 2706 584 2772 καὶ
596 2703 725 2772 τούτων
735 2701 813 2780 τούς
823 2699 1001 2787 μάρτυρας.

490 2862 725 2922 ΜΑΡΤΤΡΕΣ.

251 2963 421 3048 [Διονύσιος
428 2962 608 3051 Ἀφιδναῖος,
614 2963 945 3049 ἈντίφιλοςΠαιανιεύς
954 2973 1087 3073 διαφθα-

176 3051 278 3160 ρὲντος
285 3049 488 3156 Νικοδήμου
485 3060 538 3117 τού
556 3053 704 3118 οἰκείου
681 3059 766 3136 ημῶν
781 3054 857 3153 βιαί
846 3076 868 3114 ω
887 3049 1042 3154 θανάτῳ’
1027 3047 1087 3117 υπὸ

176 3131 365 3238 Ἀριστάρχου
374 3161 425 3201 τον
412 3133 558 3220 Μόσχου
568 3138 707 3222 ἐπεξῆμεν
715 3141 767 3198 τοῦ
759 3130 870 3239 φόνου
879 3130 929 3198 τὸν
926 3115 1087 3239 Ἀρίσταρ-

179 3245 239 3303 χον.
273 3215 452 3327 αἰσθόμενος
464 3221 497 3284 δὲ
512 3228 604 3284 ταῦτα
614 3199 768 3294 Μειδίας’
755 3243 771 3280 ο
782 3224 838 3281 νῦν
827 3216 1018 3322 κρινόμενος
1029 3214 1087 3282 ὑπὸ

180 3295 452 3393 Δημοσθένουςὴτ
427 3331 450 3370 οι
461 3309 678 3390 μαρτυροῦμεν,
692 3297 835 3366 ἔπειθεν
819 3308 897 3386 ημᾶς
909 3297 1055 3377 διδούς’
1021 3327 1088 3388 κερ
