2370 3854
125 190 187 252 154
324 199 418 257 xxm.
455 197 873 263 ΔΗΜΟΣΘΕΝΟῬΣ

124 357 159 422 δὲ
177 351 221 433 ὡς
237 353 343 424 αὐτόν
359 357 451 443 ἀγων
468 358 598 426 ἑαυτόν.
633 364 701 425 ἔστι
713 356 743 427 δ’
756 364 888 439 ἐκείνως
898 360 977 447 μὲν,
999 355 1074 440 ὦςό

122 454 225 543 νόμος
248 457 371 544 τάττει,
395 463 513 526 δοῦναι
534 461 647 543 δίκην,
670 454 759 526 οὕτω
782 462 833 543 δὲ,
856 456 901 538 ὡς
924 456 942 528 ὁ
961 458 1076 547 λαβών

122 555 286 642 βούλεται.
320 566 475 625 πλεῖστον
493 557 529 624 δὲ
540 557 651 643 δήπου
662 560 812 644 διαφέρει
822 556 882 627 τὸν
894 559 1003 645 νόμον
1011 559 1075 626 κό-

80 667 197 733 3δριον
214 662 271 738 τῆς
287 660 443 740 τιμωρίας
460 650 552 740 ἡτόν
562 653 688 741 ἐχθρόν
698 662 883 740 γίγνεσθαι.
916 664 1075 742 λυμαίνε-

122 761 204 820 σθαι
215 755 261 839 δὲ,
274 755 370 839 φησὶ,
384 753 445 840 μὴ,
458 755 539 839 μηδὲ
550 751 703 820 ἀποινᾶν,
736 763 840 822 ταῦτα
851 758 891 822 δέ
898 757 966 822 ἐστι
976 763 1010 822 τί
1015 781 1024 835 ;
1036 751 1072 821 τό

120 855 182 936 μὲν
193 849 234 937 δὴ
246 850 289 937 μὴ
303 857 523 938 λυμαίνεσθαι
533 850 705 936 γνώριμον
717 849 780 919 οἶδ’
794 849 845 920 ὅτι
855 859 936 919 πάσι
946 848 991 938 μὴ
1008 878 1073 937 μα-

121 957 275 1035 στιγοῦν,
297 946 341 1036 μὴ
360 954 446 1036 δεῖν,
470 948 514 1036 μὴ
534 949 729 1018 τὰτοιαῦτα
744 965 851 1020 ποιεῖν
862 954 965 1037 λέγει,
986 949 1024 1019 τό
1036 951 1073 1020 δὲ

121 1044 196 1131 μηδ’
211 1042 355 1113 ἀποινᾶν
362 1043 406 1130 μὴ
414 1048 564 1132 χρήματα
572 1047 792 1134 πράττεσθαι·
805 1045 844 1114 τά
851 1045 914 1131 γάρ
922 1047 1072 1133 χρήματα

81 1140 441 1230 ῖεάποιναώνόμαζον
463 1149 497 1210 ολ
517 1152 660 1213 παλαιοί.
681 1144 699 1213 ὁ
718 1146 780 1232 μὲν
797 1145 838 1231 δὴ
858 1145 960 1230 νόμος
980 1142 1070 1212 οὕτω

122 1242 183 1309 τόν
205 1239 420 1329 ἀνδροφόνον
441 1243 573 1311 καὶτὸν
595 1242 747 1330 ἡλωκότα
767 1243 829 1331 ἡδη
850 1243 1008 1327 διώρισεν
1026 1241 1112 1322 ώς63

122 1342 303 1409 κολαστέον
313 1330 420 1407 καὶοό
428 1366 434 1379 ·
451 1336 584 1426 τὴντοῦ
591 1338 800 1417 πεπονθότος
808 1334 912 1405 είπάν
920 1339 1072 1419 πατρίδα,

121 1439 269 1523 καὶπερὶ
287 1446 349 1506 τοῦ
365 1434 482 1524 μηδέν’
501 1436 605 1505 ἀλλον
622 1436 748 1521 τρόπον
758 1431 780 1523 ἡ
790 1442 911 1503 τοῦτον
921 1430 999 1520 μηδ’
1012 1430 1073 1499 ἀλ-

121 1545 199 1604 λοθι
211 1534 298 1621 πλὴυ
308 1534 446 1602 ἐνταῦθ’
460 1534 618 1620 ἄντικρυς
631 1544 769 1619 εἴρηκεν.
793 1529 859 1601 ὅδὲ
869 1529 906 1601 τό
918 1531 1073 1618 ψήφισμα

120 1633 279 1720 γράφων,
293 1640 419 1701 πολλοῦ
429 1659 466 1718 γε
478 1637 536 1719 δεῖ,
549 1633 713 1718 διώρισεν,
728 1630 765 1710 ὅς
776 1658 813 1717 γε
825 1631 933 1698 πάντα
942 1630 1074 1707 τούτοις

120 1731 279 1800 τάναντία
297 1741 443 1819 είρηκεν·
464 1733 593 1816 γράψας
609 1729 673 1819 γάρ
685 1731 745 1799 ἐάν
754 1757 802 1809 τις
813 1726 991 1815 ἀποκτείνῃ
1002 1734 1074 1794 Χα-

77 1848 113 1901 35
123 1835 279 1918 ρίδημον,
302 1828 469 1918 ἀγώγιμος
479 1836 577 1916 ἔστω,
600 1835 696 1916 φησὶ,
721 1829 942 1915 πανταχόθεν.
975 1835 1009 1895 τί
1018 1828 1072 1894 λε’-

81 2010 84 2017 ¹
121 1956 204 2014 γεις;
226 1936 295 1996 τών
311 1931 427 2014 νόμων
438 1926 517 1995 οὐδὲ
527 1928 605 2006 τοὺς
625 1922 796 2011 ἡλωκότάὲ
812 1927 974 1996 διδόντων
984 1922 1073 1993 άπά-

121 2053 193 2111 γειν
209 2023 297 2112 πλὴν
315 2028 352 2093 ἐν
368 2031 408 2114 τῇ
424 2025 592 2114 ἡμεδαπῇ,
616 2025 660 2093 συ
676 2026 814 2115 γράφεις
830 2026 912 2094 ἀνευ
933 2031 1072 2112 κρίσεως

120 2123 195 2194 τινά
207 2121 377 2210 ἀγώγιμον
388 2128 423 2193 ἐκ
434 2133 492 2212 τῆς
509 2132 711 2213 συμμαχίδος
727 2126 850 2212 πάσης;
871 2127 926 2193 κοιλ
941 2120 1017 2193 οὐδ’
1035 2127 1072 2192 ἐν

120 2232 163 2312 τῇ
173 2221 327 2311 ἡμεδαπῇ
339 2223 433 2308 άγειν
450 2225 658 2293 κελευόντων
674 2234 743 2293 τών
759 2224 889 2311 νόμων,
912 2221 955 2292 σύ
972 2227 1072 2301 δίδως

122 2320 216 2408 άγειν
227 2323 457 2409 παντάχόθεν;
480 2327 535 2394 καὶ
551 2327 618 2411 μὴν
628 2332 666 2394 ἔν
676 2353 713 2411 γε
724 2333 769 2415 τῷ
782 2338 889 2393 ποιεῖν
900 2322 1072 2411 ἀγώγιμον

121 2419 226 2489 πάνθ’
253 2420 317 2490 ὅσα
346 2421 523 2510 ἀπείρηκεν
553 2424 571 2493 ὁ
596 2424 698 2508 νόμος
733 2429 894 2511 δέδωκας,
922 2423 1072 2510 χρήματα

123 2519 329 2605 πράξασθαι,
346 2526 451 2599 ζῶντα
462 2529 699 2607 λυμαίνεσθαι,
718 2531 860 2608 κακοῦν,
879 2527 996 2608 ἔχοντα
1006 2519 1070 2588 αό-

79 2630 113 2686 36
121 2614 182 2685 τόν
199 2615 446 2686 ἀποκτιννύναι.
483 2627 553 2697 πῶς
570 2611 634 2686 οὖν
651 2618 695 2688 ἀν
704 2646 751 2699 τις
761 2629 889 2707 μᾶλλον
900 2623 1070 2706 ἐλεγχθείη

122 2717 298 2802 παράνομα
314 2718 453 2802 εἰρηκώς
468 2713 489 2803 ἡ
501 2726 570 2796 πῶς
581 2719 741 2803 δεινότερ’
753 2715 796 2786 ἀν
807 2718 948 2806 γράφων
958 2716 981 2804 ἡ
991 2726 1072 2786 τοῦ·

120 2840 181 2881 τον
203 2814 263 2880 τόν
283 2814 423 2897 τρόπον;
447 2813 483 2894 ὃς
504 2820 600 2885 δυοῖν
620 2813 854 2905 ὑποκειμένοιν
879 2817 1069 2904 όνομάτοιν,

120 2911 204 2982 κατά
214 2917 275 2999 μὲν
284 2920 353 2980 τῶν
365 2918 402 2983 ἐν
412 2921 508 3004 αἰτίᾳ,
521 2916 580 2985 ἐάν
591 2943 639 2997 τις
649 2916 843 3005 ἀποκτείνῃ,
861 2913 944 2984 κατά
956 2917 992 2985 δὲ
1003 2923 1071 2983 τών

119 3009 317 3102 ἡλωκότων,
354 3012 413 3081 ἐάν
429 3041 477 3094 τις
493 3012 703 3102 ἀνδροφόνος
714 3008 754 3104 ἡ,
775 3019 811 3081 ἐν
821 3015 934 3102 μὲντῇ
944 3033 1072 3099 προση-

119 3122 216 3202 γορίᾳ
226 3111 263 3181 τό
276 3120 339 3179 τοῦ
348 3109 411 3199 τὴν
421 3119 528 3183 αἰτίαν
539 3120 669 3201 ἔχοντος
680 3121 795 3200 ἔλαβες
808 3112 930 3199 ὄνομα,
953 3110 1016 3199 τὴν
1034 3113 1071 3181 δὲ

118 3218 295 3299 τιμωρίαν,
317 3209 361 3299 ἡν
378 3210 456 3281 οὐδὲ
472 3212 555 3282 κατά
567 3221 635 3280 τῶν
646 3215 906 3300 ἐξεληλεγμένων
917 3211 1071 3281 διδόασιν

118 3314 154 3377 οί
167 3311 282 3398 νόμοι,
306 3311 433 3398 ταύτην
449 3314 531 3381 κατὰ
547 3319 616 3379 τών
627 3309 771 3397 ἀκρίτων
782 3317 942 3399 ἔγραψας,
965 3313 1021 3379 κάλ
1032 3309 1069 3379 τό

21 3411 24 3416 ’
117 3409 221 3493 μέσον
244 3410 374 3478 τούτων
399 3414 522 3491 ἐξεῖλες.
564 3412 668 3497 μέσον
690 3412 755 3499 γάρ
780 3414 868 3481 ἐστιν
889 3417 994 3490 αίτίας
1015 3414 1072 3481 καλ
