2370 3854
172 211 235 275 420
359 214 472 271 XXXV!
518 207 941 274 ΔΗΜΟΣΘΕΝΟΤΣ,

173 371 207 442 τό
222 377 277 459 μὲν
287 369 517 456 ἀσπιδοπηγεῖον
524 366 762 468 Ἀπολλοδώρου,
784 370 971 444 Πασικλέους
983 363 1130 472 δλητρά-

173 467 255 537 πεζα.
269 455 496 563 Ιἀποθανούσης
509 459 541 523 δὲ
551 459 602 521 καλ
612 463 663 537 τῆς
673 450 933 559 μητροςνόσιερον,
954 477 1130 559 νερμαμενος

176 546 227 607 καλ
246 570 301 626 την
322 546 433 625 ἐκείνης
454 546 575 622 ουσίαν,
598 542 727 603 ἐνεκάλει
748 539 961 641 τφςΦορμίωνι
978 562 1017 612 ως
1033 545 1130 601 πολλα

176 630 269 709 ἔχοντι
287 631 391 692 ἑαυτοῦ
407 623 546 711 χρήματα.
580 626 757 696 καθίσαντες
769 645 823 682 ουν
836 615 957 696 ἑαυτούς
968 616 1129 703 διαιτητάς,

176 709 215 786 ἀς
231 731 305 795 φησι
319 715 473 795 Φορμίων,
487 704 703 792 ’Ἀπολλοδώρῳ
719 699 930 786 προσήκοντες,
950 708 1061 779 Νικίας
1078 706 1131 768 καί

175 800 295 871 Δεινίας
303 797 354 859 καλ
360 790 563 879 Ἀνδρομένης,
574 794 692 855 ἔπεισαν
699 782 920 869 Ἀπολλόδωρον
929 785 1131 852 διαλύσασθαι

173 877 248 959 πρὸς
257 883 417 961 Φορμίωνα
427 874 463 941 τὰ
474 875 639 960 ἐγκλήματα
650 868 777 953 λαβόντα
786 875 1026 953 πεντακισχιλίας.
1047 866 1131 953 όμίν

174 960 230 1028 σύν
239 958 456 1045 Ἀπολλόδωρος
471 954 542 1040 μετά
557 964 650 1022 ταῦτα
666 951 757 1018 πάλιν
768 957 863 1036 εἴληχε
874 958 961 1038 δίκην
976 959 1130 1039 Φορμίωνι

174 1043 325 1129 ἀφορμῆς·
347 1041 488 1127 ἀφορμὴν
503 1042 535 1106 δὲ
554 1045 585 1105 οί
597 1035 722 1103 ’Λττιιιολ
740 1045 881 1101 καλοῦσιν
898 1033 969 1122 όπερ
986 1034 1071 1121 ἡμεῖς
1082 1040 1177 1117 Eat-941

174 1128 286 1213 θήκην.
319 1123 385 1193 ὃδλ
405 1130 545 1212 Φορμίων
560 1121 800 1209 παραγράφεται,
823 1119 914 1204 νόμον
934 1122 1131 1207 παρεχόμενος

174 1209 226 1279 τόν
243 1209 399 1276 κελεύοντα
414 1212 481 1295 περὶ
498 1200 541 1273 όν
556 1203 595 1272 ἀν
611 1207 689 1285 ἀπαξ
700 1202 764 1291 ἀφῇ
774 1231 818 1281 τις
828 1207 880 1269 καλ
891 1204 1064 1287 διαλύσομαι
1074 1233 1131 1289 μη-

175 1300 236 1362 κέτι
252 1297 359 1373 ἐξεῖναι
376 1292 558 1371 δικάζεσθαι.
592 1289 711 1355 ἀπτεται
726 1291 824 1371 μέντοι
842 1291 893 1353 καλ
910 1298 961 1372 τῆς
977 1285 1131 1365 εύθείαςό

175 1379 280 1465 ῥήτωρ,
293 1374 410 1456 δεικνύς
420 1374 458 1454 ὥς
470 1371 525 1441 ούκ
536 1373 611 1457 εἶχεν
621 1370 641 1456 ἡ
651 1370 778 1458 τράπεζα
788 1370 921 1457 χρήματα
930 1377 994 1437 ἴδια
1003 1381 1056 1438 τού
1062 1380 1131 1437 Πα-

109 1492 111 1497 ’
175 1468 287 1538 σίωνος.
308 1470 393 1528 τοῦτο
406 1463 439 1528 δὲ
448 1463 615 1541 πεποίηκεν,
627 1461 679 1521 ἵνα
688 1453 709 1540 ἡ
719 1452 902 1540 παραγραφὴ
911 1465 1024 1539 μᾶλλον
1034 1453 1132 1545 ίσγύη,

174 1555 226 1629 τῆς
237 1541 358 1623 εόθείας
368 1545 559 1625 δεικννμίνης
569 1549 610 1627 τῷ
618 1537 830 1627 Ἀπολλοδώρῳ
839 1549 965 1625 σαθρᾶς,

553 1689 764 1702 ...--..----

159 1825 162 1831 .
264 1764 333 1852 Ῥὴν
348 1766 411 1851 μὲν
428 1763 583 1849 ἀπειρίαν
599 1769 661 1828 τοῦ
679 1765 802 1845 λέγειν,
826 1761 881 1826 καλ
899 1756 944 1838 ὡς
958 1759 1134 1843 ἀδυνάτως

176 1867 242 1948 ἔχει
262 1869 436 1946 Φορμίων,
459 1861 554 1929 αὐτοὶ
576 1858 697 1936 πάντες
707 1856 806 1941 ὁρᾶτε
813 1907 823 1941 ,
846 1850 1012 1942 ιάάνδρες
1031 1857 1134 1946 Ἀθη-

176 1972 278 2026 vatos·
296 1955 424 2044 ἀνάγκη
437 1957 469 2025 δ’
482 1960 548 2027 ἐστὶ
558 1970 627 2034 τοῖς
637 1958 829 2041 ἐπιτηδείοις
838 1953 927 2042 ἡμῖν,
938 1955 960 2025 ἀ
971 1958 1134 2045 σύνισμεν

176 2053 336 2134 πολλάκις
350 2056 473 2123 τούτου
489 2054 666 2134 διεξιόντος
677 2051 872 2139 ἀκηκοότες,
895 2058 1002 2141 λέγειν
1013 2058 1135 2126 κνίδι-

177 2154 314 2222 δάσκειν
330 2152 432 2242 ὑμᾶς,
453 2153 500 2222 ἵν’
523 2154 647 2233 είδότες
662 2155 717 2220 καλ
728 2153 956 2239 μεμαθηκότες
966 2153 1133 2239 όρθοίςτδι

177 2256 288 2320 δίκαια
304 2250 385 2339 παρ’
402 2252 515 2340 ἡμῶν,
538 2248 619 2320 ἃάν
635 2244 659 2341 ἦ
677 2256 787 2320 δίκαια
797 2255 852 2321 καὶ
863 2253 1004 2340 εύορκα,
1025 2261 1133 2321 ταῦτα

145 2356 379 2438 νψηφίσησθε.
411 2350 473 2438 τὴν
488 2355 549 2437 μὲν
571 2345 636 2419 σύν
657 2351 883 2440 παραγραφὴν
906 2352 1134 2439 ἐποιησάμεθα

174 2458 232 2536 τῆς
242 2454 335 2535 δίκης
346 2446 406 2533 οόχ
415 2447 462 2516 ἵν’
474 2450 690 2533 ἐκκρούοντες
700 2450 842 2537 χρόνους
852 2455 1050 2538 ἐμποιῶμεν,
1062 2449 1133 2519 ἀλλ’

173 2553 230 2616 ἵνα
249 2555 319 2616 τῶν
339 2547 559 2634 πραγμάτων,
582 2547 644 2618 ἐάν
664 2552 806 2637 ἐπιδείξῃ
828 2549 906 2635 μηδ’
925 2547 1041 2617 ὁτιοῦν
1058 2547 1136 2617 ἀδι-

177 2642 302 2715 κοῦνθ’
327 2644 448 2715 ἑαυτὸν
469 2643 599 2729 ούτοσλ,
622 2645 797 2734 ἀπαλλαγή
819 2672 868 2724 τις
887 2645 980 2734 αύτῷ
1000 2650 1136 2734 γίνηται

177 2741 268 2827 παρ’.
278 2740 359 2826 ὗμιν
375 2750 483 2826 κυρία.
514 2743 578 2809 ὅσα
595 2742 659 2826 γάρ
672 2746 761 2826 παρὰ
772 2758 840 2822 τοῖς
850 2743 962 2824 ἀλλοις
973 2748 1063 2815 ἐστίν
1072 2744 1136 2815 ἀν-

178 2839 328 2924 θρώποις
339 2837 457 2924 ἰσχυρά
469 2841 523 2908 καλ
534 2843 651 2928 βέβαια
662 2841 744 2909 ἀνευ
754 2849 816 2909 τοῦ
827 2840 906 2927 παρ’
921 2841 1001 2930 ὑμῖν
1012 2843 1137 2929 ἀγωνί-

178 2945 320 3021 σασθαι,
332 2943 436 3004 ταῦτα
447 2937 556 3005 πάντα
567 2939 754 3025 πεποιηκός
766 2946 924 3027 Φορμίων
936 2939 1066 3027 οὑτοσί,
1078 2943 1177 3015 καλδλ

147 3055 166 3109 3
178 3034 284 3104 πολλὰ
293 3033 355 3121 μὲν
363 3027 404 3102 εύ
414 3033 859 3123 πεποιηκάςἎπολλόδωρον
870 3042 1012 3126 τουτονί,
1024 3041 1134 3108 πάντα

177 3133 222 3221 δ’,
234 3133 325 3203 όσων
336 3135 451 3221 κύριος
461 3144 530 3203 τῶν
541 3134 664 3205 τούτου
676 3146 896 3225 κατελείφθη,
908 3139 1066 3216 διαλύσας
1077 3140 1134 3208 καί

177 3230 348 3318 παραδούς
369 3237 519 3320 δικαίως,
541 3237 596 3303 καλ
618 3235 755 3302 πάντων
775 3232 914 3323 ἀφεθείς
930 3233 1011 3322 μετά
1029 3243 1132 3303 ταῦτα

177 3338 246 3398 τῶν
256 3330 487 3417 ἐγκλημάτων,
499 3329 603 3419 ὅμως,
618 3329 662 3413 ὡς
672 3331 788 3420 ὁρᾶτε,
800 3331 911 3419 ἐπειδὴ
925 3335 1133 3420 φέρειν-τοῦ-

178 3451 237 3492 τον
248 3427 309 3515 οὐχ
320 3425 389 3503 οίόε
399 3428 431 3497 τ’
442 3432 510 3499 ἐστὶ
516 3482 526 3516 ,
544 3436 640 3518 δίκην
649 3430 823 3500 ταλάντων
833 3441 936 3501 είιωσι
946 3435 1057 3515 λαγόν
1067 3427 1132 3498 αὖ·
