2370 3854
157 187 220 248 412
356 191 466 248 XXXV.
490 187 909 252 ΔΗΜΟΣΘΕΝΟῬΣ

159 351 420 434 τηκοστευμένον
442 351 494 416 έπλ
514 355 563 437 τῳ
581 346 722 436 ὀνόματι
739 357 787 440 τῳ”
802 350 949 436 τούτων,
975 351 1110 423 ἐνταῦθ’
1120 369 1178 426 933

156 445 220 533 ἤδη
243 454 371 533 μᾶλλον
392 455 636 534 προσεκείμεθα
655 446 881 528 ἀπαιτοῦντες.
921 452 977 519 καί
998 451 1112 538 ἐπειδὴ

156 542 372 633 ἠνωχλοῦμεν
384 545 513 631 αὐτοῖς,
535 545 748 635 ἀποκρίνεται
759 549 922 635 Λοίκριτος
940 547 1071 632 οὑτοσὶ,
1094 547 1112 618 ὅ

157 641 301 730 ἀδελφός
317 641 335 713 ὁ
352 641 569 731 Ἀρτέμωνος,
593 644 645 713 ὅτι
655 644 719 715 οὐκ
730 641 774 714 ἀν
785 645 884 715 οἷοίτ’
900 657 1015 735 εἴησαν
1026 647 1114 717 ἀπο-

157 747 293 827 δοῦναι,
321 740 389 811 ἀλλ’
401 741 577 812 ἀπόλωλεν
595 741 727 813 ἅπαντα
743 744 783 814 τά
795 747 958 834 χρήματα·
979 750 1035 816 καὶ
1047 753 1112 834 ἔφη

15 914 18 919 ,
113 852 144 908 31
157 843 322 930 Λάκριτος
343 843 474 911 δίκαιόν
494 868 526 910 τι
543 849 630 928 ἔχειν
651 849 760 929 λέγειν
781 848 856 930 περὶ
883 846 1022 915 τούτων.
1056 850 1113 915 καὶ

156 937 265 1026 ἡμεῖς,
278 933 306 1006 ω’
319 939 439 1024 ἀνδρες
453 944 620 1028 δικασταί,
644 941 898 1033 ἠγανακτοῦμεν
909 948 970 1032 μέν
981 949 1033 1015 ἐπὶ
1044 959 1113 1025 τοῖς

158 1042 363 1125 λεγομένοις,
386 1041 489 1107 πλέον
511 1037 542 1107 δ’
562 1039 663 1110 οὐδὲν
679 1037 726 1129 ἦν
747 1042 998 1130 ἀγανακτοῦσιν
1014 1042 1112 1132 ἡμίν·

156 1135 286 1216 τοότοις
299 1135 364 1222 γὰρ
377 1135 454 1207 οὐδ’
465 1136 581 1208 ὁτιοῦν
592 1145 716 1227 ἔμελεν.
729 1140 840 1210 ὀὐδὲν
857 1141 888 1210 δ’
904 1139 1005 1231 ἦττον
1021 1141 1114 1229 ἡρω-

157 1244 267 1322 τωμεν
283 1234 407 1316 αὐτοὺς
424 1236 541 1306 ὅντινα
557 1240 685 1327 τρόπον
701 1237 881 1311 ἀπολωλόί
904 1251 954 1328 είη
972 1239 1012 1309 τά
1030 1242 1114 1328 χρή-

157 1362 252 1421 ματα.
264 1335 590 1422 Αάκριτοςδόὖτοσὶ
600 1347 790 1426 ναυαγῆσαι
801 1345 864 1427 ἔφη
877 1340 913 1409 τὸ
922 1348 1042 1407 πλοίου
1051 1363 1113 1407 πα-

158 1437 303 1519 ραπλέον
314 1439 350 1502 ἐκ
360 1443 614 1504 Παντικαπαίου
626 1443 672 1515 είς
684 1442 878 1524 Θεοδοσίαν,
896 1437 1114 1525 ναυαγήσαν-

156 1559 213 1612 τος
232 1533 268 1602 δὲ
279 1542 341 1601 τοῦ
354 1540 474 1603 πλοίου
491 1533 699 1602 ἀπολωλέναι
714 1533 755 1602 τοὶ
771 1535 921 1622 χρήματα
933 1550 1001 1614 τοῖς
1013 1532 1115 1603 ἀδελ·

95 1653 97 1657 ·
158 1646 234 1717 φοῑς
244 1647 313 1712 τοίς
324 1634 457 1720 ἑαυτοῦ,
468 1629 491 1699 ἀ
502 1638 617 1718 ἔτυχεν
628 1636 665 1700 ἐν
676 1641 722 1724 τῳ
732 1639 837 1722 πλοίῳ
849 1634 978 1702 ἐνόντα·
991 1637 1114 1701 ἐνεῖναι

158 1729 195 1799 δέ
205 1731 338 1819 τάριχός
348 1758 384 1800 τε
396 1735 455 1801 καὶ
466 1731 561 1801 οίνον
571 1739 674 1821 Κῷον
684 1735 738 1800 καὶ
749 1729 820 1800 ἀλλ’
833 1732 922 1801 ἀττα.
945 1733 1115 1800 καὶταῦτα

159 1836 288 1916 έῳασαν
306 1831 416 1899 πάντα
438 1829 738 1916 ἀντιφορτισθέντα
758 1833 890 1916 μέλλειν
911 1828 995 1896 αὐτοὶ
1020 1827 1116 1913 ἄγειν

118 1925 328 2013 ονἈθήναζε,
341 1927 426 2014 τίμὴ
438 1926 586 1995 ἀπόλετο
594 1931 631 1994 ἐν
642 1936 691 2016 τῷ
700 1935 813 2017 πλοίῳ,
840 1930 893 1996 καὶ
905 1925 927 1997 ἀ
938 1928 1001 2014 μὲν
1011 1932 1114 2013 ἔλεγε,

159 2023 248 2094 ταῦτ’
260 2020 318 2114 ἦν·
337 2026 432 2107 ἀξιον
443 2023 474 2094 δ’
486 2024 628 2093 ἀκοῦσαι
638 2025 700 2111 την
709 2030 891 2113 βδελυρίαν
900 2035 968 2094 τοῖν
977 2025 1117 2110 ἀνθρω-

160 2150 234 2192 πων
254 2125 384 2193 τούτων
405 2126 460 2192 καὶ
481 2124 543 2211 την
562 2128 794 2210 ψευδολογίαν.
831 2125 915 2212 πρός
935 2151 971 2193 τε
990 2121 1055 2209 γὰρ
1075 2122 1115 2190 τδ

162 2232 281 2292 πλοίου
301 2220 339 2292 τὸ
364 2231 559 2310 ναυαγῆσαν
581 2219 682 2291 οὐδέν
697 2216 743 2310 ἦν
763 2222 876 2303 αὐτοῖς
896 2222 1116 2310 συμβόλαιον,

161 2319 230 2390 ἀλλ’
241 2315 285 2408 ἦν
296 2319 436 2407 έτεροςὸ
455 2321 653 2401 δεδανεικώς
666 2319 858 2409 Ἀθήνηθεν
875 2324 927 2390 ἐπὶ
942 2329 990 2411 τῷ
999 2320 1115 2406 ναόλῳ

161 2428 208 2509 τῳ
226 2426 272 2496 είς
290 2419 351 2487 τόν
360 2420 494 2487 Πόντον
510 2424 567 2487 καὶ
583 2417 631 2486 ἐπ’
651 2418 743 2509 αὐτῷ
759 2427 805 2509 τῳ
823 2425 927 2508 πλοίῳ
945 2416 1116 2505 (Ἀντίπα-

161 2542 239 2601 τρος
249 2516 357 2602 ὄνομα
367 2511 411 2604 ἦν
422 2524 468 2607 τῷ
480 2516 702 2602 δεδανεικότι,
716 2517 852 2595 Κιτιεδς
868 2516 905 2584 τό
924 2517 1052 2599 γένος)·
1076 2513 1116 2582 τό

161 2614 187 2683 τ’
200 2616 352 2702 οίνάριον
362 2613 400 2683 τό
410 2623 513 2704 Κῷον
526 2614 736 2701 ἀγδοήκοντα
754 2615 894 2700 στάμνοι
905 2613 1117 2697 ἐξεστηκότος

163 2722 269 2797 οίνου,
282 2715 338 2780 καὶ
350 2712 387 2779 τδ
400 2711 531 2798 τάριχος
542 2711 716 2799 ἀνθροπῳ
733 2714 798 2780 τινί
816 2718 955 2798 γεωργῷ
971 2735 1117 2796 παρεκο-

163 2815 269 2896 μίζετο
287 2815 324 2879 έν
340 2819 386 2900 τῷ
403 2817 507 2900 πλοίῳ
531 2815 567 2878 ἐκ
585 2817 838 2878 Παντικαπαίου
855 2816 902 2888 είς
920 2814 1115 2892 Θεοδοσίαν,

162 2923 230 2989 τοίς
241 2908 393 2995 έργάτοιις
403 2910 556 2993 τοῖςπερὶ
567 2906 629 2997 τὴν
640 2915 803 2995 γεωργίαν
814 2917 969 2995 χρῆσθαι.
1001 2914 1036 2975 τί
1050 2902 1116 2975 οὖν

163 3008 284 3087 ταύτας
293 3006 353 3090 τὰς
365 3008 550 3095 προφάσεις
559 3013 731 3094 λέγουσιν;
752 3005 853 3076 οὐδέν
868 3004 935 3093 γάρ
944 3007 1114 3095 προσήκει.

118 3123 154 3178 33
163 3112 221 3173 καί
231 3133 287 3193 μοι
298 3106 378 3193 λαβέ
387 3104 448 3194 την
459 3114 656 3194 μαρτυρίαν,
664 3115 799 3191 πρῶτον
807 3106 869 3193 μέν
878 3104 1177 3194 τηνἈπολλω-ηςη

163 3209 260 3272 νίδου
272 3202 323 3271 ὅτι
329 3202 542 3292 Ἀντίπατρος
550 3199 595 3293 ἦν
605 3202 784 3285 ὀδανείσας
794 3208 846 3275 ἐπὶ
857 3213 905 3294 τῷ
911 3212 1026 3295 πλοίῳ,
1034 3204 1115 3272 τοό-

163 3327 232 3380 τοις
241 3298 274 3370 δ’
286 3299 364 3371 οὐδ’
374 3299 489 3374 ὁτιοῦν
499 3305 660 3392 προσήκει
670 3311 729 3391 τῆς
740 3311 916 3391 ναυαγίας,
929 3309 1040 3371 ἔπειτα
1050 3298 1113 3386 τὴν
