2370 3854
299 220 444 288 KATA
462 227 872 290 ΑΝΔΡΟΤΙΩΝΟΣ.
1003 226 1065 292 127

109 387 320 458 ἀδικούντων
335 385 425 475 ὑμᾶς
438 383 557 474 ἢναῦς
566 395 759 474 κεκτῆσθαι.
790 395 821 457 εί
837 386 972 477 μὲνγὰρ
983 390 1063 458 τοῦσ

109 513 171 555 του
181 485 277 556 ταῦτ’
291 486 512 574 ἀποδέξεσθε,
531 491 622 555 ἔσται
631 491 736 574 δῆλον
746 485 892 568 άπάσαις
900 495 1047 576 ταῖςβου

110 594 182 665 λαῖς
199 583 252 654 ότι
268 592 321 654 δεῖ
338 587 510 673 πρόφασιν
526 585 677 672 πιθανὴν
692 589 839 670 ἐξευρεῖν
859 586 943 674 πρός
966 585 1063 674 ὑμᾶς,
1082 607 1083 610 ’

110 682 183 769 οὐχὶ
193 683 339 770 τριήρεις
349 684 571 771 ποιήσασθαι·
595 689 631 752 ἐκ
643 689 679 752 δὲ
689 687 813 754 τούτου
834 685 874 754 τά
897 687 959 773 μὲν
981 687 1064 772 χρή-

66 808 101 857 ⁶20
110 810 197 870 ματα
209 783 476 871 ἀναλωθήσεται,
493 791 579 863 ναῦς
590 786 625 852 δέ
637 781 699 870 οὐχ
711 783 798 864 ἕξετε
809 781 912 871 ὑμεῖς.
946 782 1007 852 ἐάν
1019 785 1062 868 δ’,

111 881 156 961 ὥς
167 879 186 951 ὁ
198 880 300 968 νόμος
311 888 398 969 λέγει
409 884 464 950 καὶ
476 887 528 951 δεῖ
534 880 614 961 τοῦς
624 879 854 969 ὀμωμοκότας,
873 890 999 966 πικροῖς
1009 884 1065 952 καὶ

110 979 222 1060 διπλοῖς
232 979 290 1060 τάς
301 982 362 1067 μὲν
379 979 562 1067 προφάσεις
579 979 725 1067 ἀνέλητε,
744 989 871 1068 φανῆτε
883 984 919 1050 δὲ
930 979 1062 1069 ἀφῃρη-

110 1083 205 1166 μένοι
221 1077 284 1167 την
295 1080 425 1164 δωρεάν
441 1078 493 1148 ὅτι
509 1079 567 1159 τάς
587 1087 672 1158 ναῦς
693 1077 734 1147 οὐ
754 1087 958 1167 πεποίηνται,
976 1081 1064 1148 πάν-

110 1205 180 1264 τες,
204 1170 363 1266 ἀάνδρες
371 1176 558 1265 Ἀθηναῖοι,
581 1181 803 1265 πεποιημένας
812 1176 894 1265 ὑμῖν
905 1179 1064 1267 παραδεί-

111 1296 212 1346 σουσι
222 1274 281 1356 τάς
290 1276 452 1362 τριήρεις,
472 1276 582 1343 πάντα
591 1275 695 1344 τάλλα
711 1274 786 1362 παρ’
798 1274 880 1362 ὑμῖν
890 1278 1064 1363 ἑορακότες

111 1374 337 1461 ἀσθενέστερα
354 1382 417 1441 τοῦ
428 1372 537 1459 νόμου
546 1376 758 1460 γεγενημένα.
792 1371 844 1441 ὅτι
859 1379 977 1441 τοίνυν
987 1373 1061 1442 οὐδ’

112 1485 216 1553 αῖτιος
232 1472 332 1551 ἀλλος
352 1469 461 1552 οὐδεὶς
482 1469 675 1560 ἀνθρώπων
697 1474 764 1541 ἐστὶ
782 1480 846 1540 τοῦ
860 1471 905 1560 μὴ
924 1474 1065 1562 πεποιῆ-

111 1582 195 1641 σθαι
214 1568 273 1650 τὰς
293 1578 393 1657 ναῦς,
420 1579 520 1640 τοῦτο
550 1580 667 1656 σαφιῦς
685 1568 766 1659 ὑμῖν
787 1575 951 1654 ἐπιδείξω·
984 1571 1063 1642 ἀνε-

110 1677 218 1738 λοῦσα
235 1669 300 1756 γάρ
318 1668 461 1758 ἡβυυλὴ
479 1669 540 1739 τόν
557 1669 663 1757 νόμον
679 1679 802 1740 τοῦτον
816 1673 1063 1760 ἐχειροτόνησεν

110 1766 225 1855 αὑτήν.

65 1890 100 1940 21
185 1866 257 1937 Ἕτι
266 1875 384 1938 τοίνυν
398 1871 558 1955 ἐπιχειρεῖ
570 1870 681 1956 λέγειν
692 1871 767 1957 περὶ
784 1876 846 1938 τοῦ
863 1877 920 1957 τῆς
930 1871 1063 1957 ἑταιρή-

112 1967 322 2055 σεωςνόμον,
343 1965 388 2047 ιδς
399 1964 578 2055 ὑβρίζομεν
587 1967 679 2056 ἡμεῖς
694 1973 749 2038 καί
766 1975 976 2058 βλασφημίας
988 1967 1062 2055 οὐχὶ

111 2068 346 2154 προσηκούσας
364 2065 433 2136 κατ’
454 2065 561 2137 αὐτοῦ
576 2068 775 2155 ποιούμεθα.
808 2070 864 2138 καὶ
887 2072 968 2155 φησὶ
992 2071 1062 2135 δεῖν

109 2165 206 2252 ἡμεῖς,
220 2177 312 2252 εἴπερ
324 2164 538 2251 ἐπιστεύομεν
550 2164 634 2234 είναι
644 2166 740 2235 ταῦτ’
751 2166 872 2254 ἀληθῆ,
891 2164 974 2250 πρὸς
985 2166 1063 2242 τοῦς

109 2268 321 2350 θεσμοθέτας
332 2261 502 2347 ἀπαντᾶν,
523 2260 566 2329 ἵν’
577 2266 649 2331 ἐκεῖ
656 2265 731 2348 περὶ
742 2270 856 2348 χιλιῦν
867 2261 1063 2330 ἐκινδυνεύ-

111 2387 210 2447 ομεν,
234 2366 265 2427 εί
279 2358 569 2445 καταψευδόμενοι
583 2359 677 2428 ταῦτ’
692 2361 916 2448 ἐφαινόμεθα·
943 2369 1009 2429 νῦν
1026 2360 1062 2430 δὲ

111 2464 298 2546 φενακίζειν
320 2463 425 2537 αἰτίας
445 2460 502 2527 καὶ
522 2463 687 2545 λοιδορίας
708 2455 809 2540 κενάς
829 2463 1060 2547 ποιουμένους,
1071 2477 1122 2533 600

63 2576 99 2627 22
110 2562 164 2627 καὶ
176 2561 323 2645 ἐνοχλεῖν
335 2556 377 2627 οά
395 2562 565 2639 δικασταῖς
576 2559 707 2628 τούτων
720 2553 818 2628 οάσιν
828 2557 919 2647 ὑμῖν.
951 2557 1017 2647 ἐγω
1029 2560 1058 2629 δ’

109 2658 199 2745 οἶμαι
217 2664 288 2728 δεῖν
303 2655 390 2746 ὑμᾶς
407 2665 542 2746 πρῶτον
564 2659 626 2745 μὲν
649 2661 755 2728 ἐκεῖνο
776 2663 966 2745 λογίζεσθαι
985 2658 1059 2744 παρ’

108 2756 190 2844 ὑμῖν
202 2757 324 2843 αὐτοῖς,
337 2756 390 2827 ότι
402 2756 561 2844 πάμπολυ
573 2763 725 2843 λοιδορία
741 2760 842 2826 τεκαὶ
859 2763 946 2826 αίτία
956 2782 1059 2843 κεχω-

109 2862 268 2942 ρισμένον
279 2858 369 2925 ἐστὶν
379 2860 525 2944 ἐλέγχου.
557 2863 644 2926 αἰτία
655 2857 716 2944 μὶν
726 2857 791 2943 γάρ
803 2860 902 2942 ἐστιν,
917 2855 1000 2925 όταν
1012 2882 1061 2935 τις

105 2965 196 3046 ψιλῷ
211 2956 416 3042 χρησάμενος
427 2956 516 3046 λόγφ
534 2953 579 3042 μὴ
596 2954 802 3042 παράσχηται
818 2961 929 3023 πίστιν
947 2946 1062 3021 ῦνλέ-

108 3082 177 3142 γει,
190 3061 320 3141 ἐλεγχος
329 3056 381 3143 δέ,
403 3055 486 3125 όταν
497 3047 547 3122 ἀν
557 3051 601 3122 ἀν
612 3064 687 3143 είπη
697 3081 746 3134 τις
755 3057 810 3124 καί
820 3051 963 3139 τάληθές
975 3049 1062 3137 ὁμοῦ

109 3157 207 3243 δείξη.
229 3159 298 3222 ἐστι
307 3160 423 3224 τοίνυν
433 3153 561 3242 ἀνάγκη
573 3150 653 3232 τοῦς
668 3147 892 3238 ἐλέγχονταςῆ
903 3151 1061 3238 τεκμήρια

110 3252 282 3321 δεικνύναι
300 3249 339 3319 δι’
353 3244 402 3320 τόν
417 3257 617 3340 ἐμφανιοῦσι
633 3249 671 3319 τὸ
683 3249 802 3319 πιστόν
813 3248 910 3336 ὑμῖν,
928 3244 1002 3336 ἢτά
1014 3255 1061 3318 εί-

108 3352 190 3420 κότα
208 3351 362 3438 φράζειν,
385 3347 408 3438 ἢ
426 3352 596 3438 μάρτυρας
612 3353 831 3437 παρέχεσθαι·
854 3346 896 3417 οὐ
911 3346 975 3435 γάρ
988 3342 1062 3417 οἷόν

107 3446 134 3516 τ’
145 3453 244 3519 ἐνίων
255 3447 421 3529 αὐτόπτας
432 3446 520 3538 ῦμάς
530 3452 599 3520 ἐστὶ
609 3456 820 3537 καταστῆσαι,
838 3443 907 3517 ἀλλ’
921 3445 980 3516 ἐοὶυ
993 3451 1067 3512 ἐπι-
