2370 3854
197 254 336 316 ΚΑΤΑ
356 253 839 319 ΑΡΙΣΤΟΓΕΙΤΟΝΟΣ
856 263 897 321 Α.
962 260 1025 323 293
1112 208 1114 212 Ι

73 416 166 486 δεινά
183 417 390 484 πεπονθέναι
406 421 618 500 κομιοῦντας
643 407 672 504 ᾦ
686 414 750 503 γάρ
769 415 847 486 οὐδὲ
863 426 931 485 τῶν
943 430 1026 488 ίσων

72 512 150 584 οὐδὲ
169 523 237 582 τοῖν
258 517 443 600 ἐγκυκλίων
462 518 601 581 δικαίων
620 523 800 600 μετουσίαν
821 518 973 586 διδόασιν
993 521 1029 585 οί

70 615 183 701 νόμοι,
208 605 385 692 οὗτοςτοῖν
402 610 594 699 ἀνηκέστων
610 613 733 700 ἑτέροις
748 625 851 695 αίτιος
866 622 1025 702 γίγνεται,

70 710 133 781 οὐκ
150 710 264 797 ὀρθοῖς
275 707 354 778 οὐδὲ
364 717 540 790 πολιτικῶς
552 708 627 778 οὐδ’
640 709 685 790 ιδς
696 714 859 799 συμφέρει
869 718 1024 801 γιγνομέ-

27 825 61 882 75
69 838 139 879 νων
156 809 294 878 τούτων.
329 807 404 878 ἀλλ’
423 815 526 896 ἔγωγε
546 807 648 879 ταῦθ’
673 809 764 897 ὁρῶν
785 813 963 900 θαυμάζω,
984 809 1023 880 τδ

68 910 157 978 τάνω
174 910 262 977 κάτω
279 916 482 996 γεγενῆσθαι
498 916 533 978 τί
545 907 620 978 ποτ’
633 909 742 978 οἴεσθ’
755 910 847 980 εἶναι.
881 909 1024 998 έάνὴγῆ
1104 969 1106 973 ,

68 1011 129 1096 μέν
145 1007 233 1095 ἀνω,
254 1007 295 1075 τά
315 1006 346 1076 δ’
366 1006 471 1095 ἀστρα
489 1008 578 1076 κάτω
596 1011 746 1096 γένηται;
769 1007 832 1077 οὐκ
847 1015 915 1078 ἔστι
925 1018 1024 1079 τοῦτο

69 1111 243 1193 γενέσθαι,
254 1110 336 1196 μηδὲ
346 1109 487 1193 γένοιτο.
519 1105 595 1175 ἀλλ’
609 1106 708 1193 ὅταν,
726 1104 775 1186 οἷς
785 1113 821 1176 ἐκ
832 1117 900 1176 των
910 1111 1025 1194 νόμων

68 1205 112 1295 μὴ
131 1212 270 1293 ἔξεστιν,
293 1211 329 1274 ἐκ
346 1214 414 1274 τῶν
429 1203 600 1290 ὑμετέρων
615 1205 811 1291 βουλήσεων
822 1210 887 1294 ἐξῇ,
910 1206 1024 1294 ὅτανὴ

69 1305 129 1391 μὲν
140 1310 283 1392 πονηρία
293 1311 435 1391 τιμᾶται,
446 1301 486 1369 κά
499 1302 623 1388 χρηστά
635 1301 667 1370 δ’
678 1301 930 1390 ἀπορρίπτηται,
942 1305 1025 1373 ὅταν

68 1401 105 1471 τὸ
119 1408 247 1470 δίκαιον
257 1405 313 1470 καί
324 1399 361 1470 ιδ
374 1404 548 1487 συμφέρον
558 1399 694 1488 ἡττάται
703 1410 764 1470 τοῦ
777 1403 929 1489 φθόνον,
950 1403 1022 1471 τότ’

69 1500 140 1568 ἀνω
151 1502 206 1567 καὶ
216 1499 305 1568 κάτω
316 1499 425 1567 πάντα
437 1498 499 1586 χρὴ
510 1505 655 1586 νομίζειν
665 1500 860 1587 τετράφθαι.

29 1617 62 1672 76
144 1596 230 1684 Ἤδη
241 1604 357 1666 τοίνυν
367 1595 459 1678 τινάς
469 1597 559 1667 εἶδον
567 1598 904 1687 πολυάγωνιζομένων,
917 1607 1024 1680 οΐτοῖς

70 1697 260 1783 πράγμασιν
271 1694 381 1776 αὐτοῖς
392 1694 614 1785 ἁλισκόμενοι,
626 1703 681 1767 καί
691 1698 755 1768 οὐκ
766 1705 894 1786 ἔχοντες
905 1698 949 1779 ὡς
960 1697 1023 1767 οὐκ

71 1797 225 1864 ἀδικοῦσι
236 1801 349 1883 δεῖξαι,
362 1800 397 1864 οί
404 1797 465 1882 μὲν
477 1804 523 1876 είς
532 1796 595 1885 τὴν
606 1806 667 1866 τοῦ
677 1805 754 1886 βίον
764 1799 958 1886 μετριότητα
968 1801 1023 1867 καί
1032 1821 1084 1877 793

70 1893 295 1982 σωφροσύνην
310 1896 517 1983 κατέφυγον,
542 1901 576 1964 oc
592 1895 623 1965 δ’
645 1903 690 1977 είς
706 1898 745 1964 τά
761 1906 830 1966 τῶν
847 1898 1024 1985 προγόνων

51 1999 150 2081 ,ἔργα
160 1995 215 2060 καὶ
226 2001 444 2082 λειτουργίας,
463 2000 498 2065 οί
506 1995 537 2063 δ’
550 2002 595 2075 είς
607 1996 702 2083 ἕτερα
712 2003 847 2065 τοιαῦτα
858 1995 903 2064 δι’
917 1988 966 2065 οἷν
977 2001 1023 2076 είς

70 2098 163 2161 έλεον
171 2095 226 2159 καὶ
236 2101 494 2178 φιλανθρωπίαν
502 2092 581 2172 τούς
591 2095 779 2174 δικάζοντας
788 2094 923 2180 ἤγαγον.
943 2094 1024 2163 τοά-

69 2217 114 2276 τςο
133 2189 163 2258 δ’
184 2188 306 2258 οὐδένα
325 2189 394 2273 ὁρῶ
410 2200 479 2258 των
495 2192 610 2260 τόπων
624 2191 755 2259 τούτων
770 2192 913 2277 βάσιμον
930 2191 1021 2277 ὄντα,

26 2301 61 2357 77
70 2289 154 2356 ἀλλά
166 2289 274 2355 πάντα
285 2288 498 2375 ἀπόκρημνα,
511 2288 699 2375 φάραγγας,
717 2290 884 2376 βάραθρα.
917 2295 952 2356 τί
957 2286 1022 2375 γάρ

72 2384 115 2464 ὡς
126 2385 261 2472 ἀληθῶς
272 2392 351 2472 ἐρεῖ;
364 2380 440 2455 άνὸ
454 2388 562 2474 πατήρ
573 2415 604 2455 τι
615 2394 771 2474 πεποίηκε
783 2388 825 2474 νὴ
837 2392 912 2455 Δία.
939 2384 1022 2455 ἀλλά

70 2484 300 2570 κατεγνώκαθ’
318 2485 413 2573 ὑμεῖς
429 2489 466 2556 ἐν
483 2488 628 2555 τουτοισί
643 2501 712 2564 τοῖς
729 2491 950 2571 δικαστηρίοις
960 2481 1024 2552 αά-

70 2593 132 2652 τοῦ
149 2585 316 2672 θάνατον,
342 2583 386 2665 άς
404 2594 554 2673 πονηροῦ
564 2585 719 2672 δηλονότι
728 2587 784 2654 καί
795 2584 889 2666 ἀξίου
899 2582 1024 2652 τεθνά-

72 2711 135 2751 ναι.
168 2683 252 2752 ἀλλά
269 2686 310 2772 νὴ
329 2691 413 2772 Δία,
436 2689 467 2753 εί
480 2682 574 2752 ταῦτ’
595 2686 683 2753 ἐστὶν
705 2680 796 2770 αὐτῷ
818 2687 960 2769 δυσχερῆ
982 2678 1021 2749 τά

70 2784 145 2867 περὶ
167 2783 226 2852 τόν
247 2787 386 2871 πατέρα,
411 2789 457 2863 εἰς
478 2784 536 2852 τὸν
554 2785 676 2852 ἑαυτοῦ
692 2788 767 2868 βίον
783 2781 1023 2866 καταφεύξεται

72 2879 115 2958 ὡς
126 2881 286 2968 σώφρονα
297 2885 352 2951 καὶ
363 2885 507 2969 μέτριον.
540 2896 654 2962 ποίους
666 2877 706 2949 δν
718 2889 784 2949 ποῦ
795 2886 971 2966 βεβίωκεν;
983 2874 1023 2947 δν

70 2978 131 3064 μὲν
151 2978 215 3068 γὰρ
232 2979 375 3060 άπαυτες
390 2979 484 3068 ὑμεῖς
503 2982 675 3065 ἑοράκατε,
700 2977 763 3047 οὐκ
780 2985 848 3047 ἔστι
865 2985 1022 3054 τοιοῦτος.

26 3088 60 3142 78
69 3074 143 3145 ἀλλ’
164 3070 190 3144 ἀ
211 3085 289 3162 τάν,
312 3084 358 3158 εἰς
375 3077 434 3160 τάς
453 3086 659 3166 λειτουργίας
678 3075 933 3163 ἀποχωρήσεται.
965 3071 1025 3150 τάς

70 3178 150 3244 πότε
160 3171 182 3262 η’
193 3183 259 3244 ποῦ
269 3185 459 3262 γεγονυίας;
476 3177 535 3256 τάς
546 3184 608 3245 τοῦ
619 3175 757 3264 πατρρςι
769 3169 842 3241 ἀλλ’
856 3169 919 3239 οὐκ
931 3178 1023 3240 είσίυ.

71 3272 154 3342 ἀλλὰ
165 3271 223 3352 τάς
240 3276 377 3358 έαυτοῦ;
399 3277 532 3362 φάσεις,
552 3271 746 3361 ἀπαγωγάς,
764 3276 928 3357 ἐνδείξεις,
951 3267 1024 3356 οὐχὶ

69 3378 276 3458 λειτουργίας
294 3371 460 3462 εὑρήσετε.
491 3373 576 3443 ἀλλά
592 3371 634 3460 νὴ
645 3377 712 3441 Δία
723 3374 778 3439 καί
788 3373 886 3457 χωρὶς
896 3367 1024 3438 τούτων

71 3487 242 3558 συγγενεῖς
260 3476 376 3542 πολλοὶ
392 3476 448 3542 καί
463 3471 714 3559 καλοίκάγαθοδ
724 3469 951 3556 παραστάντες
962 3463 1023 3535 αὖ·
