2370 3854
189 197 253 260 ³06
379 195 477 252 XXVI.
500 190 944 269 [ΔΗΜΟΣΘΕΝΟΤΣ]

190 384 273 445 μους
286 367 411 437 ποιεῖν,
433 349 542 429 άλλως
554 375 589 418 τε
604 349 659 416 καὶ
668 355 739 415 τοῖν
749 345 833 430 ὑπὲρ
847 355 909 415 τοῦ
922 346 1077 435 πλήθους
1086 349 1144 421 καὶ

189 453 371 541 λέγεινκαὶ
389 450 534 537 γράφειν
560 449 730 516 δύνασθαι
748 449 1056 532 προσποιουμένων.
1098 445 1143 528 ὥς

188 552 370 623 πάνδεινόν
387 553 455 619 ἐστι
474 547 555 627 τούς
569 546 631 634 μὲν
644 544 833 631 προγόνους
846 542 930 630 ὑπὲρ
942 551 1005 612 τοῦ
1017 542 1064 633 μή
1079 572 1143 615 κα-

188 659 377 739 ταλυθήναι
394 648 474 728 τούς
489 646 615 734 νόμους
635 643 867 732 ἀποθνήσκειν
885 651 1031 731 τολμᾶν,
1053 640 1143 732 ὑμᾶς

187 755 223 820 δὲ
242 751 324 839 μηδὲ
342 748 422 827 τοὺς
447 745 733 832 ἐξαμαρτάνοντας
757 749 804 822 είς
827 739 966 822 ἑαυτοὺς
985 756 1143 831 τιμωρεῖ-

187 861 279 937 σθαι,
287 851 343 916 καὶ
353 845 415 914 τὸν
425 843 671 931 μλνφράψαυτα
682 839 762 922 τούς
771 841 1047 929 νόμουςΣόλωυα
1058 844 1143 929 ἑψη-

187 957 309 1034 φίσθαι
322 950 469 1030 χαλκοῦν
486 944 523 1009 ἐν
540 940 647 1029 άφορᾴ
663 949 798 1029 στῆσαι,
821 940 934 1009 αὐτῶν
948 941 984 1010 δὲ
997 949 1068 1010 τῶν
1079 941 1142 1010 νό-

186 1071 259 1132 μων
270 1041 514 1128 ὀλιφωροῦυτας
528 1046 725 1127 φαίνεσθαι,
746 1039 785 1109 δι’
798 1037 858 1121 οὓς
868 1040 1025 1110 κάκεῖνον
1034 1037 1140 1127 ὑπερ-

143 1141 374 1232 κεβαλλόντως
389 1142 577 1228 συμβέβηκε
586 1148 757 1227 τιμᾶσθαι.
779 1149 849 1221 πῶς
861 1139 893 1210 θ’
906 1140 968 1210 οὐκ
979 1137 1024 1209 άυ
1037 1150 1088 1228 είη
1098 1136 1137 1209 τὸ

186 1248 374 1329 συμβαῖνον
393 1237 576 1327 άλομον,ε
560 1246 869 1327 είνομοθετοῦντες
884 1240 946 1326 μὲν
965 1236 1138 1326 ὀργίζεσθε

185 1354 254 1420 τοῖς
278 1354 452 1426 πονηροῖς,
492 1337 546 1408 ἐπ’
568 1338 755 1430 αὐτοφώρῳ
784 1341 823 1408 δέ
848 1367 940 1419 τινας
966 1337 1139 1425 εἰληφότες

185 1438 322 1532 άθῴους
330 1437 457 1506 ἐάσετε·
449 1486 458 1519 ,
449 1433 567 1506 ·καὶ
533 1463 594 1505 τον
602 1437 664 1524 μὲν
674 1440 893 1525 νομοθέτήυ“
874 1465 933 1507 ενα
946 1437 1026 1506 ὄντα
1038 1444 1141 1506 πᾶσιν

185 1509 300 1626 ὑπλρε
285 1545 379 1659 υμῶν
395 1534 648 1622 απεχθανεσθαι
657 1552 725 1617 τοῖς
736 1535 931 1624 φαάλοις,’
911 1545 997 1624 υμᾶς
1008 1536 1046 1606 δὲ
1058 1517 1136 1623 μήθ

184 1636 268 1721 ὑπερ
291 1635 388 1723 ὑμῶν
415 1633 528 1704 αιἰτων
554 1645 652 1725 κοινή
674 1640 890 1721 συλλεγέντας
912 1639 1139 1715 ἐπιδείξασθαι

185 1745 366 1823 μισοῦντας
381 1761 461 1815 τους
474 1733 659 1823 πονηροὺς,
682 1734 755 1804 ἀλλ’
770 1732 832 1822 ὑφ’
853 1730 1140 1821 ενόςάυθρὸςπο-
1179 1760 1181 1765 ·

185 1841 301 1920 νήρίας
326 1831 525 1920 ήττήθήναι;
564 1836 619 1901 καὶ
641 1834 794 1901 θάνατον
814 1833 875 1919 μὲν
896 1829 1050 1919 ὡρικέναι
1077 1828 1140 1918 τήν

185 1939 317 2019 ζημίαν,
346 1933 407 2001 ἐάν
436 1958 484 2011 τις
502 1930 564 2000 οάκ
580 1930 670 1999 ’ὄντα
687 1931 795 2018 νόμον
811 1930 1033 2017 παράσχηται,
1060 1926 1141 2008 τοὺς

185 2033 220 2100 δὲ
236 2028 315 2111 τοὺς
333 2031 432 2110 ὄντας
452 2030 577 2118 νόμους
597 2036 643 2110 είς
661 2029 723 2116 τήν
745 2037 812 2098 των
833 2029 943 2114 ὥσπερ
956 2025 1019 2096 οὐκ
1030 2026 1181 2111 &mmm

183 2131 300 2217 νόμων
328 2130 421 2210 τάξιν
453 2129 616 2217 άνοντας,
652 2129 791 2209 τούτους
826 2128 1052 2216 ἀτιμωρήτους
1077 2152 1139 2196 πε-

185 2236 318 2315 ριορᾶν;

141 2358 175 2411 25
270 2327 368 2396 Οὕτω
380 2326 413 2396 θ’
428 2323 472 2396 άν
490 2326 707 2416 ἀκριβέστατα
725 2325 994 2413 συνθεωρήσαιτε
1015 2323 1051 2392 τὸ
1068 2337 1139 2404 τοῖς

184 2431 348 2512 κειμένοις
361 2427 477 2513 νόμοις
495 2433 674 2494 πείθεσθαι
688 2422 806 2513 ἡλίκον
822 2423 955 2511 άγαθόν
969 2425 1052 2508 ἐστι,
1080 2423 1138 2491 καὶ

181 2522 219 2590 τὸ
235 2536 459 2609 καταφρονεῖν
476 2526 530 2592 καί
546 2522 590 2610 μή
611 2534 803 2609 πειθαρχεῖν
818 2520 929 2598 αὐτοῖς
942 2516 1058 2605 ἡλίκου
1072 2548 1137 2589 κα-

182 2620 260 2709 κὰν,
286 2628 317 2690 εί
334 2623 375 2689 τά
392 2631 423 2690 τ’
447 2625 483 2690 ἐκ
501 2631 571 2690 τοῖν
583 2621 697 2708 νόμων
713 2619 825 2706 άγαθά
840 2619 938 2705 χωρὶς
954 2618 1008 2684 καὶ
1022 2617 1062 2683 τά
1079 2618 1136 2688 διά

181 2727 240 2805 τῆς
265 2726 471 2806 παρανομίας
504 2726 729 2807 συμβαίνοντα
753 2717 817 2806 πρὸ
846 2715 1033 2803 ὀφθαλμῶν
1054 2715 1137 2806 ὑμῖν

182 2815 294 2895 αὐτοῖς
302 2818 519 2904 ποιησάμενοι
530 2818 745 2905 θεωρήσαιτε.
761 2814 915 2904 εὑρήσετε
926 2814 989 2902 γάρ
1000 2815 1063 2904 τήν
1073 2818 1136 2904 μὲν

181 2918 222 2983 τὰ
234 2923 292 3003 τῆς
302 2922 422 3002 μανίας
432 2917 487 2985 καὶ
500 2914 660 3002 άκρασίας
671 2919 727 2986 καὶ
743 2920 947 3002 πλεονεξίας,
968 2914 1029 2985 τὸυ
1044 2916 1080 2985 δὲ
1094 2923 1135 2983 τὰ

15 2982 29 3077 λ
181 3021 239 3101 τῆς
255 3013 451 3102 φρονήσεως
464 3017 520 3084 καὶ
531 3017 753 3104 σωφροσύνης
764 3018 819 3086 καὶ
830 3016 1042 3103 δικαιοσύνης
1054 3021 1134 3101 ἔργα

21 3088 26 3135 ¹
136 3126 172 3182 26
183 3115 473 3202 διαπραττόμενον.
497 3121 600 3203 δήλου
613 3118 664 3185 δέ·
691 3114 844 3202 τῶνγὰρ
864 3117 996 3184 πόλεων
1014 3113 1135 3193 ταύτας

182 3210 291 3298 ἄριστ’
308 3217 504 3302 οἰκουμένας
522 3221 651 3304 ἴδοιμεν
670 3210 714 3284 άυ
745 3218 783 3284 ἐν
814 3209 866 3295 αἷς
885 3213 1014 3301 ἄριστοι
1031 3240 1135 3301 νομο-

181 3314 277 3378 θέται
288 3311 481 3398 γεγόνασιν·
504 3312 545 3381 τά
564 3317 625 3401 μὲν
643 3313 707 3400 γάρ
725 3317 763 3383 ἐν
776 3329 844 3394 τοῖς
857 3313 1008 3401 στόμασιν
1022 3310 1133 3400 άρρω-

48 3440 59 3509 χ
182 3407 329 3496 στήματα
343 3425 412 3491 τοῖς
424 3419 494 3481 τάν
508 3418 631 3495 ίατρεόυ
643 3408 807 3501 εὑρήμασι
820 3412 1062 3492 καταπαύεται,
1074 3413 1135 3490 τὰς
