<?xml version="1.0" encoding="UTF-8"?>
<!DOCTYPE html PUBLIC "-//W3C//DTD XHTML 1.0 Transitional//EN"
    "http://www.w3.org/TR/xhtml1/DTD/xhtml1-transitional.dtd">
<html xmlns="http://www.w3.org/1999/xhtml" xml:lang="en" lang="en">
 <head>
  <title>
</title>
<meta http-equiv="Content-Type" content="text/html;charset=utf-8" />
  <meta name='ocr-system' content='tesseract 3.04.00' />
  <meta name='ocr-capabilities' content='ocr_page ocr_carea ocr_par ocr_line ocrx_word'/>
</head>
<body>
  <div class='ocr_page' id='page_1' title='image "./orationesexrece01demogoog_0391.png"; bbox 0 0 2370 3854; ppageno 0'>
   <div class='ocr_carea' id='block_1_1' title="bbox 328 209 1039 276">
    <p class='ocr_par' dir='ltr' id='par_1_1' title="bbox 328 209 1039 276">
     <span class='ocr_line' id='line_1_1' title="bbox 328 209 1039 276; baseline 0.006 -4"><span class='ocrx_word' id='word_1_1' title='bbox 328 209 470 272; x_wconf 89' lang='grc' dir='ltr'><em>ΠΡΟΣ</em></span> <span class='ocrx_word' id='word_1_2' title='bbox 494 209 792 272; x_wconf 71' lang='grc' dir='ltr'><em>ΦΟΡΜΙΩΝΑ.</em></span> <span class='ocrx_word' id='word_1_3' title='bbox 977 214 1039 276; x_wconf 81' lang='grc'><strong><em>393</em></strong></span> 
     </span>
    </p>
   </div>
   <div class='ocr_carea' id='block_1_2' title="bbox 43 367 1041 1941">
    <p class='ocr_par' dir='ltr' id='par_1_2' title="bbox 43 367 1041 1941">
     <span class='ocr_line' id='line_1_2' title="bbox 88 367 1038 459; baseline -0.001 -16"><span class='ocrx_word' id='word_1_4' title='bbox 88 379 169 459; x_wconf 88' lang='grc' dir='ltr'><strong><em>πιδι,</em></strong></span> <span class='ocrx_word' id='word_1_5' title='bbox 181 374 287 458; x_wconf 77' lang='grc' dir='ltr'><strong><em>λέγων</em></strong></span> <span class='ocrx_word' id='word_1_6' title='bbox 298 368 350 440; x_wconf 84' lang='grc' dir='ltr'><strong><em>ότι</em></strong></span> <span class='ocrx_word' id='word_1_7' title='bbox 360 367 461 440; x_wconf 68' lang='grc' dir='ltr'><strong><em>οὐδὲν</em></strong></span> <span class='ocrx_word' id='word_1_8' title='bbox 472 383 558 437; x_wconf 78' lang='grc' dir='ltr'><strong><em>ποιεί</em></strong></span> <span class='ocrx_word' id='word_1_9' title='bbox 568 375 636 436; x_wconf 76' lang='grc' dir='ltr'><strong><em>τῶν</em></strong></span> <span class='ocrx_word' id='word_1_10' title='bbox 646 373 784 439; x_wconf 84' lang='grc' dir='ltr'><strong><em>δικαίων</em></strong></span> <span class='ocrx_word' id='word_1_11' title='bbox 794 379 952 459; x_wconf 89' lang='grc' dir='ltr'><strong><em>Φορμίων</em></strong></span> <span class='ocrx_word' id='word_1_12' title='bbox 963 370 1038 443; x_wconf 81' lang='grc' dir='ltr'><strong><em>οὐδ’</em></strong></span> 
     </span>
     <span class='ocr_line' id='line_1_3' title="bbox 88 464 1039 560; baseline 0 -20"><span class='ocrx_word' id='word_1_13' title='bbox 88 473 271 542; x_wconf 87' lang='grc' dir='ltr'><strong><em>ἀποδίδωσι</em></strong></span> <span class='ocrx_word' id='word_1_14' title='bbox 280 467 317 537; x_wconf 89' lang='grc' dir='ltr'><strong><em>τό</em></strong></span> <span class='ocrx_word' id='word_1_15' title='bbox 331 469 483 556; x_wconf 76' lang='grc' dir='ltr'><em>δάνειον,</em></span> <span class='ocrx_word' id='word_1_16' title='bbox 499 469 555 536; x_wconf 74' lang='grc' dir='ltr'><strong><em>καί</em></strong></span> <span class='ocrx_word' id='word_1_17' title='bbox 566 465 634 553; x_wconf 86' lang='grc' dir='ltr'><strong><em>άμα</em></strong></span> <span class='ocrx_word' id='word_1_18' title='bbox 644 464 774 554; x_wconf 74' lang='grc' dir='ltr'><strong><em>ἠρόμην</em></strong></span> <span class='ocrx_word' id='word_1_19' title='bbox 784 467 888 538; x_wconf 84' lang='grc' dir='ltr'><strong><em>αὐτόν</em></strong></span> <span class='ocrx_word' id='word_1_20' title='bbox 900 477 930 540; x_wconf 86' lang='grc' dir='ltr'><strong><em>εί</em></strong></span> <span class='ocrx_word' id='word_1_21' title='bbox 939 476 1039 560; x_wconf 90' lang='grc' dir='ltr'><strong><em>είδείη</em></strong></span> 
     </span>
     <span class='ocr_line' id='line_1_4' title="bbox 88 566 1038 654; baseline -0.003 -14"><span class='ocrx_word' id='word_1_22' title='bbox 88 571 175 640; x_wconf 84' lang='grc' dir='ltr'><strong><em>ὅπου</em></strong></span> <span class='ocrx_word' id='word_1_23' title='bbox 186 572 291 654; x_wconf 77' lang='grc' dir='ltr'><strong><em>ἐστὶν,</em></strong></span> <span class='ocrx_word' id='word_1_24' title='bbox 308 571 364 634; x_wconf 80' lang='grc' dir='ltr'><strong><em>ἵνα</em></strong></span> <span class='ocrx_word' id='word_1_25' title='bbox 374 573 662 654; x_wconf 75' lang='grc' dir='ltr'><strong><em>προσκαλεσαίμην</em></strong></span> <span class='ocrx_word' id='word_1_26' title='bbox 674 566 788 636; x_wconf 82' lang='grc' dir='ltr'><strong><em>αὐτόν.</em></strong></span> <span class='ocrx_word' id='word_1_27' title='bbox 822 566 883 638; x_wconf 85' lang='grc' dir='ltr'><strong><em>ὁδ’</em></strong></span> <span class='ocrx_word' id='word_1_28' title='bbox 896 568 1038 640; x_wconf 88' lang='grc' dir='ltr'><strong><em>ἀκολου-</em></strong></span> 
     </span>
     <span class='ocr_line' id='line_1_5' title="bbox 86 665 1041 755; baseline 0 -17"><span class='ocrx_word' id='word_1_29' title='bbox 86 680 162 738; x_wconf 80' lang='grc' dir='ltr'><strong><em>θεῖν</em></strong></span> <span class='ocrx_word' id='word_1_30' title='bbox 173 665 203 755; x_wconf 90' lang='grc' dir='ltr'><strong><em>μ’</em></strong></span> <span class='ocrx_word' id='word_1_31' title='bbox 216 669 367 736; x_wconf 79' lang='grc' dir='ltr'><strong><em>ἐκέλευεν</em></strong></span> <span class='ocrx_word' id='word_1_32' title='bbox 379 667 496 755; x_wconf 76' lang='grc' dir='ltr'><strong><em>ἑαυτῷ,</em></strong></span> <span class='ocrx_word' id='word_1_33' title='bbox 508 667 562 732; x_wconf 78' lang='grc' dir='ltr'><strong><em>καὶ</em></strong></span> <span class='ocrx_word' id='word_1_34' title='bbox 572 665 870 754; x_wconf 79' lang='grc' dir='ltr'><strong><em>καταλαμβάνομεν</em></strong></span> <span class='ocrx_word' id='word_1_35' title='bbox 880 669 963 753; x_wconf 87' lang='grc' dir='ltr'><strong><em>πρός</em></strong></span> <span class='ocrx_word' id='word_1_36' title='bbox 972 684 1041 746; x_wconf 75' lang='grc' dir='ltr'><strong><em>τοις</em></strong></span> 
     </span>
     <span class='ocr_line' id='line_1_6' title="bbox 87 762 1041 854; baseline 0 -20"><span class='ocrx_word' id='word_1_37' title='bbox 87 773 312 853; x_wconf 76' lang='grc' dir='ltr'><strong><em>μυροπωλίοις</em></strong></span> <span class='ocrx_word' id='word_1_38' title='bbox 337 772 482 832; x_wconf 86' lang='grc' dir='ltr'><strong><em>τουτονί·</em></strong></span> <span class='ocrx_word' id='word_1_39' title='bbox 506 762 596 849; x_wconf 72' lang='grc' dir='ltr'><strong><em>κάμοὶ</em></strong></span> <span class='ocrx_word' id='word_1_40' title='bbox 608 772 771 851; x_wconf 85' lang='grc' dir='ltr'><strong><em>κλητῆρας</em></strong></span> <span class='ocrx_word' id='word_1_41' title='bbox 782 771 866 852; x_wconf 78' lang='grc' dir='ltr'><strong><em>ἔχων</em></strong></span> <span class='ocrx_word' id='word_1_42' title='bbox 875 787 1041 854; x_wconf 89' lang='grc' dir='ltr'><strong><em>προσεκα-</em></strong></span> 
     </span>
     <span class='ocr_line' id='line_1_7' title="bbox 47 857 1038 952; baseline 0.007 -26"><span class='ocrx_word' id='word_1_43' title='bbox 47 865 237 950; x_wconf 81' lang='grc' dir='ltr'><strong><em>14λεσάμην</em></strong></span> <span class='ocrx_word' id='word_1_44' title='bbox 257 860 368 931; x_wconf 80' lang='grc' dir='ltr'><strong><em>αὐτόν.</em></strong></span> <span class='ocrx_word' id='word_1_45' title='bbox 403 866 458 931; x_wconf 79' lang='grc' dir='ltr'><strong><em>καί</em></strong></span> <span class='ocrx_word' id='word_1_46' title='bbox 474 859 493 931; x_wconf 89' lang='grc' dir='ltr'><strong><em>δ</em></strong></span> <span class='ocrx_word' id='word_1_47' title='bbox 511 862 659 950; x_wconf 79' lang='grc' dir='ltr'><strong><em>Λάμπις,</em></strong></span> <span class='ocrx_word' id='word_1_48' title='bbox 682 857 709 931; x_wconf 76' lang='grc' dir='ltr'><em>ὦ</em></span> <span class='ocrx_word' id='word_1_49' title='bbox 726 863 845 951; x_wconf 84' lang='grc' dir='ltr'><strong><em>ἀνδρες</em></strong></span> <span class='ocrx_word' id='word_1_50' title='bbox 857 863 1038 952; x_wconf 72' lang='grc' dir='ltr'><strong><em>Ἀθηναῖοι,</em></strong></span> 
     </span>
     <span class='ocr_line' id='line_1_8' title="bbox 88 960 1040 1052; baseline 0 -21"><span class='ocrx_word' id='word_1_51' title='bbox 88 960 207 1051; x_wconf 78' lang='grc' dir='ltr'><strong><em>παρόν</em></strong></span> <span class='ocrx_word' id='word_1_52' title='bbox 225 963 507 1052; x_wconf 77' lang='grc' dir='ltr'><strong><em>προσκαλουμένῳ</em></strong></span> <span class='ocrx_word' id='word_1_53' title='bbox 517 989 574 1049; x_wconf 88' lang='grc' dir='ltr'><strong><em>μοι</em></strong></span> <span class='ocrx_word' id='word_1_54' title='bbox 585 962 737 1050; x_wconf 83' lang='grc' dir='ltr'><strong><em>οὐδαμοῦ</em></strong></span> <span class='ocrx_word' id='word_1_55' title='bbox 748 965 925 1052; x_wconf 83' lang='grc' dir='ltr'><strong><em>ἐτόλμησεν</em></strong></span> <span class='ocrx_word' id='word_1_56' title='bbox 937 970 1040 1033; x_wconf 73' lang='grc' dir='ltr'><strong><em>εἰπεῖν</em></strong></span> 
     </span>
     <span class='ocr_line' id='line_1_9' title="bbox 89 1055 1040 1150; baseline 0.001 -22"><span class='ocrx_word' id='word_1_57' title='bbox 89 1060 134 1141; x_wconf 75' lang='grc' dir='ltr'><strong><em>ὡς</em></strong></span> <span class='ocrx_word' id='word_1_58' title='bbox 145 1058 306 1148; x_wconf 73' lang='grc' dir='ltr'><strong><em>ἀπείληφε</em></strong></span> <span class='ocrx_word' id='word_1_59' title='bbox 317 1058 407 1148; x_wconf 86' lang='grc' dir='ltr'><strong><em>παρά</em></strong></span> <span class='ocrx_word' id='word_1_60' title='bbox 418 1061 542 1130; x_wconf 83' lang='grc' dir='ltr'><strong><em>τούτου</em></strong></span> <span class='ocrx_word' id='word_1_61' title='bbox 551 1060 588 1129; x_wconf 88' lang='grc' dir='ltr'><strong><em>τό</em></strong></span> <span class='ocrx_word' id='word_1_62' title='bbox 601 1071 755 1150; x_wconf 82' lang='grc' dir='ltr'><strong><em>χρυσίον,</em></strong></span> <span class='ocrx_word' id='word_1_63' title='bbox 778 1061 855 1131; x_wconf 80' lang='grc' dir='ltr'><strong><em>οὐδ’</em></strong></span> <span class='ocrx_word' id='word_1_64' title='bbox 868 1061 987 1143; x_wconf 87' lang='grc' dir='ltr'><strong><em>δείκὸς</em></strong></span> <span class='ocrx_word' id='word_1_65' title='bbox 997 1055 1040 1150; x_wconf 79' lang='grc' dir='ltr'><strong><em>ἦν</em></strong></span> 
     </span>
     <span class='ocr_line' id='line_1_10' title="bbox 87 1157 1040 1247; baseline 0.001 -19"><span class='ocrx_word' id='word_1_66' title='bbox 87 1160 157 1230; x_wconf 84' lang='grc' dir='ltr'><strong><em>είπε</em></strong></span> <span class='ocrx_word' id='word_1_67' title='bbox 174 1157 387 1247; x_wconf 82' lang='grc' dir='ltr'><strong><em>“Χράσιππε,</em></strong></span> <span class='ocrx_word' id='word_1_68' title='bbox 409 1167 534 1246; x_wconf 80' lang='grc' dir='ltr'><strong><em>μαίνει·</em></strong></span> <span class='ocrx_word' id='word_1_69' title='bbox 556 1168 591 1227; x_wconf 93' lang='grc' dir='ltr'><strong><em>τί</em></strong></span> <span class='ocrx_word' id='word_1_70' title='bbox 607 1168 729 1227; x_wconf 84' lang='grc' dir='ltr'><strong><em>τοῦτον</em></strong></span> <span class='ocrx_word' id='word_1_71' title='bbox 751 1169 945 1244; x_wconf 81' lang='grc' dir='ltr'><strong><em>προσκαλεῑ;</em></strong></span> <span class='ocrx_word' id='word_1_72' title='bbox 969 1163 1040 1247; x_wconf 78' lang='grc' dir='ltr'><strong><em>ἐμοὶ</em></strong></span> 
     </span>
     <span class='ocr_line' id='line_1_11' title="bbox 84 1254 1040 1346; baseline 0 -19"><span class='ocrx_word' id='word_1_73' title='bbox 84 1257 169 1345; x_wconf 81' lang='grc' dir='ltr'><strong><em>“νάρ</em></strong></span> <span class='ocrx_word' id='word_1_74' title='bbox 188 1257 377 1328; x_wconf 81' lang='grc' dir='ltr'><strong><em>ἀποδέδωκε</em></strong></span> <span class='ocrx_word' id='word_1_75' title='bbox 394 1258 432 1324; x_wconf 90' lang='grc' dir='ltr'>τό</span> <span class='ocrx_word' id='word_1_76' title='bbox 450 1255 614 1342; x_wconf 82' lang='grc' dir='ltr'><strong><em>χρυσίον.”</em></strong></span> <span class='ocrx_word' id='word_1_77' title='bbox 650 1254 733 1325; x_wconf 88' lang='grc' dir='ltr'><strong><em>ἀλλά</em></strong></span> <span class='ocrx_word' id='word_1_78' title='bbox 749 1257 793 1345; x_wconf 79' lang='grc' dir='ltr'><strong><em>μη</em></strong></span> <span class='ocrx_word' id='word_1_79' title='bbox 810 1258 862 1328; x_wconf 86' lang='grc' dir='ltr'><strong><em>ὅτι</em></strong></span> <span class='ocrx_word' id='word_1_80' title='bbox 879 1257 1040 1346; x_wconf 85' lang='grc' dir='ltr'><strong><em>όΛάμπις</em></strong></span> 
     </span>
     <span class='ocr_line' id='line_1_12' title="bbox 88 1347 1040 1444; baseline -0.003 -17"><span class='ocrx_word' id='word_1_81' title='bbox 88 1355 281 1444; x_wconf 75' lang='grc' dir='ltr'><strong><em>ἐφθέγξατο,</em></strong></span> <span class='ocrx_word' id='word_1_82' title='bbox 290 1353 364 1424; x_wconf 88' lang='grc' dir='ltr'><strong><em>ἀλλ’</em></strong></span> <span class='ocrx_word' id='word_1_83' title='bbox 378 1352 454 1423; x_wconf 84' lang='grc' dir='ltr'><strong><em>οὐδ’</em></strong></span> <span class='ocrx_word' id='word_1_84' title='bbox 468 1353 568 1434; x_wconf 74' lang='grc' dir='ltr'><strong><em>αὐτός</em></strong></span> <span class='ocrx_word' id='word_1_85' title='bbox 579 1347 677 1434; x_wconf 82' lang='grc' dir='ltr'><strong><em>οὗτος</em></strong></span> <span class='ocrx_word' id='word_1_86' title='bbox 687 1353 825 1442; x_wconf 78' lang='grc' dir='ltr'><strong><em>ἠξίωσεν</em></strong></span> <span class='ocrx_word' id='word_1_87' title='bbox 833 1363 946 1440; x_wconf 85' lang='grc' dir='ltr'><strong><em>είπεῑν,</em></strong></span> <span class='ocrx_word' id='word_1_88' title='bbox 954 1382 1040 1443; x_wconf 78' lang='grc' dir='ltr'><strong><em>παρ·</em></strong></span> 
     </span>
     <span class='ocr_line' id='line_1_13' title="bbox 84 1447 1040 1546; baseline -0.003 -20"><span class='ocrx_word' id='word_1_89' title='bbox 84 1455 258 1542; x_wconf 88' lang='grc' dir='ltr'><strong><em>εστηνότος</em></strong></span> <span class='ocrx_word' id='word_1_90' title='bbox 273 1461 335 1524; x_wconf 79' lang='grc' dir='ltr'><strong><em>τοῦ</em></strong></span> <span class='ocrx_word' id='word_1_91' title='bbox 345 1455 532 1542; x_wconf 78' lang='grc' dir='ltr'><strong><em>Λάμπιδος,</em></strong></span> <span class='ocrx_word' id='word_1_92' title='bbox 556 1447 584 1546; x_wconf 68' lang='grc' dir='ltr'><strong><em>φ’</em></strong></span> <span class='ocrx_word' id='word_1_93' title='bbox 599 1461 664 1522; x_wconf 87' lang='grc' dir='ltr'><strong><em>νῦν</em></strong></span> <span class='ocrx_word' id='word_1_94' title='bbox 681 1473 784 1543; x_wconf 90' lang='grc' dir='ltr'><strong><em>φησιν</em></strong></span> <span class='ocrx_word' id='word_1_95' title='bbox 794 1453 1040 1524; x_wconf 74' lang='grc' dir='ltr'><strong><em>ἀποδεδωκέναι</em></strong></span> 
     </span>
     <span class='ocr_line' id='line_1_14' title="bbox 43 1545 1040 1641; baseline -0.003 -17"><span class='ocrx_word' id='word_1_96' title='bbox 43 1574 75 1626; x_wconf 78' lang='lat'><strong><em>15</em></strong></span> <span class='ocrx_word' id='word_1_97' title='bbox 84 1555 120 1623; x_wconf 87' lang='grc' dir='ltr'><strong><em>τό</em></strong></span> <span class='ocrx_word' id='word_1_98' title='bbox 133 1561 280 1641; x_wconf 82' lang='grc' dir='ltr'><strong><em>χρυσίον.</em></strong></span> <span class='ocrx_word' id='word_1_99' title='bbox 303 1563 410 1622; x_wconf 88' lang='grc' dir='ltr'><strong><em>καίτοι</em></strong></span> <span class='ocrx_word' id='word_1_100' title='bbox 421 1554 508 1632; x_wconf 87' lang='grc' dir='ltr'><strong><em>είιιός</em></strong></span> <span class='ocrx_word' id='word_1_101' title='bbox 519 1551 552 1639; x_wconf 78' lang='grc' dir='ltr'><strong><em>γ’</em></strong></span> <span class='ocrx_word' id='word_1_102' title='bbox 565 1546 609 1640; x_wconf 79' lang='grc' dir='ltr'><strong><em>ἦν</em></strong></span> <span class='ocrx_word' id='word_1_103' title='bbox 621 1550 725 1620; x_wconf 82' lang='grc' dir='ltr'><strong><em>αὐτόν</em></strong></span> <span class='ocrx_word' id='word_1_104' title='bbox 737 1557 857 1636; x_wconf 84' lang='grc' dir='ltr'><strong><em>είπείν,</em></strong></span> <span class='ocrx_word' id='word_1_105' title='bbox 876 1545 903 1621; x_wconf 80' lang='grc' dir='ltr'><strong><em>ά</em></strong></span> <span class='ocrx_word' id='word_1_106' title='bbox 920 1551 1040 1641; x_wconf 82' lang='grc' dir='ltr'><strong><em>ἀνδρες</em></strong></span> 
     </span>
     <span class='ocr_line' id='line_1_15' title="bbox 80 1649 1040 1741; baseline -0.002 -20"><span class='ocrx_word' id='word_1_107' title='bbox 80 1653 268 1739; x_wconf 78' lang='grc' dir='ltr'><strong><em>Ἀθηναῖοι,</em></strong></span> <span class='ocrx_word' id='word_1_108' title='bbox 286 1650 343 1722; x_wconf 84' lang='grc' dir='ltr'><strong><em>“τί</em></strong></span> <span class='ocrx_word' id='word_1_109' title='bbox 360 1680 401 1740; x_wconf 87' lang='grc' dir='ltr'><strong><em>με</em></strong></span> <span class='ocrx_word' id='word_1_110' title='bbox 422 1661 616 1741; x_wconf 80' lang='grc' dir='ltr'><strong><em>προσκαλεῖ,</em></strong></span> <span class='ocrx_word' id='word_1_111' title='bbox 639 1652 815 1736; x_wconf 84' lang='grc' dir='ltr'><strong><em>άνθρωπε;</em></strong></span> <span class='ocrx_word' id='word_1_112' title='bbox 844 1649 1040 1720; x_wconf 78' lang='grc' dir='ltr'><strong><em>ἀποδέδωκα</em></strong></span> 
     </span>
     <span class='ocr_line' id='line_1_16' title="bbox 78 1747 1040 1844; baseline -0.003 -23"><span class='ocrx_word' id='word_1_113' title='bbox 78 1750 167 1840; x_wconf 63' lang='lat' dir='ltr'><strong><em>“yde</em></strong></span> <span class='ocrx_word' id='word_1_114' title='bbox 181 1752 289 1843; x_wconf 73' lang='grc' dir='ltr'><strong><em>τούτῳ</em></strong></span> <span class='ocrx_word' id='word_1_115' title='bbox 306 1761 354 1844; x_wconf 77' lang='grc' dir='ltr'><strong><em>τῷ</em></strong></span> <span class='ocrx_word' id='word_1_116' title='bbox 368 1751 588 1840; x_wconf 77' lang='grc' dir='ltr'><strong><em>παρεστηκότι</em></strong></span> <span class='ocrx_word' id='word_1_117' title='bbox 598 1752 635 1820; x_wconf 88' lang='grc' dir='ltr'><strong><em>τό</em></strong></span> <span class='ocrx_word' id='word_1_118' title='bbox 647 1747 800 1838; x_wconf 81' lang='grc' dir='ltr'><strong><em>χρυσίον”</em></strong></span> <span class='ocrx_word' id='word_1_119' title='bbox 813 1754 868 1818; x_wconf 79' lang='grc' dir='ltr'><strong><em>καὶ</em></strong></span> <span class='ocrx_word' id='word_1_120' title='bbox 878 1749 946 1838; x_wconf 87' lang='grc' dir='ltr'><strong><em>άμα</em></strong></span> <span class='ocrx_word' id='word_1_121' title='bbox 958 1748 1040 1837; x_wconf 87' lang='grc' dir='ltr'><strong><em>ὁμο-</em></strong></span> 
     </span>
     <span class='ocr_line' id='line_1_17' title="bbox 84 1846 1040 1941; baseline -0.003 -21"><span class='ocrx_word' id='word_1_122' title='bbox 84 1858 250 1936; x_wconf 80' lang='grc' dir='ltr'><strong><em>λογοῦντα</em></strong></span> <span class='ocrx_word' id='word_1_123' title='bbox 261 1854 415 1941; x_wconf 84' lang='grc' dir='ltr'><strong><em>παρέχειν</em></strong></span> <span class='ocrx_word' id='word_1_124' title='bbox 425 1849 485 1921; x_wconf 87' lang='grc' dir='ltr'><strong><em>τόν</em></strong></span> <span class='ocrx_word' id='word_1_125' title='bbox 494 1852 645 1939; x_wconf 91' lang='grc' dir='ltr'><strong><em>Λάμπιν·</em></strong></span> <span class='ocrx_word' id='word_1_126' title='bbox 663 1859 729 1919; x_wconf 84' lang='grc' dir='ltr'><strong><em>νῦν</em></strong></span> <span class='ocrx_word' id='word_1_127' title='bbox 747 1848 780 1918; x_wconf 90' lang='grc' dir='ltr'><strong><em>δ’</em></strong></span> <span class='ocrx_word' id='word_1_128' title='bbox 793 1848 966 1936; x_wconf 81' lang='grc' dir='ltr'><strong><em>οὐδέτερος</em></strong></span> <span class='ocrx_word' id='word_1_129' title='bbox 976 1846 1040 1917; x_wconf 80' lang='grc' dir='ltr'><strong><em>αὖ·</em></strong></span> 
     </span>
    </p>
   </div>
   <div class='ocr_carea' id='block_1_3' title="bbox 84 1946 1040 2138">
    <p class='ocr_par' dir='ltr' id='par_1_3' title="bbox 84 1946 1040 2138">
     <span class='ocr_line' id='line_1_18' title="bbox 84 1946 1040 2042; baseline 0 -24"><span class='ocrx_word' id='word_1_130' title='bbox 84 1959 153 2019; x_wconf 78' lang='grc' dir='ltr'><strong><em>τεόν</em></strong></span> <span class='ocrx_word' id='word_1_131' title='bbox 169 1948 244 2021; x_wconf 82' lang='grc' dir='ltr'><strong><em>οὐδ’</em></strong></span> <span class='ocrx_word' id='word_1_132' title='bbox 259 1948 372 2020; x_wconf 84' lang='grc' dir='ltr'><strong><em>ὁτιοῦν</em></strong></span> <span class='ocrx_word' id='word_1_133' title='bbox 383 1951 475 2020; x_wconf 78' lang='grc' dir='ltr'><strong><em>εἶπεν</em></strong></span> <span class='ocrx_word' id='word_1_134' title='bbox 485 1952 671 2042; x_wconf 81' lang='grc' dir='ltr'><strong><em>ἐντοιοότφ</em></strong></span> <span class='ocrx_word' id='word_1_135' title='bbox 683 1959 795 2041; x_wconf 74' lang='grc' dir='ltr'><strong><em>καιρῷ.</em></strong></span> <span class='ocrx_word' id='word_1_136' title='bbox 830 1952 884 2018; x_wconf 81' lang='grc' dir='ltr'><strong><em>καὶ</em></strong></span> <span class='ocrx_word' id='word_1_137' title='bbox 896 1948 948 2018; x_wconf 87' lang='grc' dir='ltr'><strong><em>ότι</em></strong></span> <span class='ocrx_word' id='word_1_138' title='bbox 959 1946 1040 2039; x_wconf 88' lang='grc' dir='ltr'><strong><em>ἀλη-</em></strong></span> 
     </span>
     <span class='ocr_line' id='line_1_19' title="bbox 85 2048 944 2138; baseline -0.003 -21"><span class='ocrx_word' id='word_1_139' title='bbox 85 2057 137 2136; x_wconf 82' lang='grc' dir='ltr'><strong><em>θῆ</em></strong></span> <span class='ocrx_word' id='word_1_140' title='bbox 144 2054 246 2138; x_wconf 74' lang='grc' dir='ltr'><strong><em>λόφω,</em></strong></span> <span class='ocrx_word' id='word_1_141' title='bbox 258 2054 341 2138; x_wconf 80' lang='grc' dir='ltr'><strong><em>λαβέ</em></strong></span> <span class='ocrx_word' id='word_1_142' title='bbox 349 2077 405 2136; x_wconf 90' lang='grc' dir='ltr'><strong><em>μοι</em></strong></span> <span class='ocrx_word' id='word_1_143' title='bbox 415 2048 478 2138; x_wconf 81' lang='grc' dir='ltr'><strong><em>την</em></strong></span> <span class='ocrx_word' id='word_1_144' title='bbox 489 2057 674 2137; x_wconf 87' lang='grc' dir='ltr'><strong><em>μαρτυρίαν</em></strong></span> <span class='ocrx_word' id='word_1_145' title='bbox 683 2059 750 2118; x_wconf 76' lang='grc' dir='ltr'><strong><em>τῶν</em></strong></span> <span class='ocrx_word' id='word_1_146' title='bbox 761 2049 944 2136; x_wconf 85' lang='grc' dir='ltr'><strong><em>κλητήρων.</em></strong></span> 
     </span>
    </p>
   </div>
   <div class='ocr_carea' id='block_1_4' title="bbox 43 2187 1099 2577">
    <p class='ocr_par' dir='ltr' id='par_1_4' title="bbox 43 2187 1099 2577">
     <span class='ocr_line' id='line_1_20' title="bbox 432 2187 1099 2247; baseline -0.003 0"><span class='ocrx_word' id='word_1_147' title='bbox 432 2187 693 2247; x_wconf 75' lang='grc' dir='ltr'><strong><em>ΜΛΡΤΥΡΙΛΙ.</em></strong></span> <span class='ocrx_word' id='word_1_148' title='bbox 1048 2189 1099 2245; x_wconf 75' lang='lat'><strong><em>912</em></strong></span> 
     </span>
     <span class='ocr_line' id='line_1_21' title="bbox 43 2286 1038 2379; baseline -0.008 -16"><span class='ocrx_word' id='word_1_149' title='bbox 43 2309 74 2363; x_wconf 83' lang='lat'><strong><em>16</em></strong></span> <span class='ocrx_word' id='word_1_150' title='bbox 171 2292 263 2379; x_wconf 74' lang='grc' dir='ltr'><strong><em>Λαβδ</em></strong></span> <span class='ocrx_word' id='word_1_151' title='bbox 280 2291 322 2378; x_wconf 79' lang='grc' dir='ltr'><strong><em>δή</em></strong></span> <span class='ocrx_word' id='word_1_152' title='bbox 338 2317 394 2376; x_wconf 93' lang='grc' dir='ltr'><strong><em>μοι</em></strong></span> <span class='ocrx_word' id='word_1_153' title='bbox 405 2294 460 2359; x_wconf 83' lang='grc' dir='ltr'><strong><em>καὶ</em></strong></span> <span class='ocrx_word' id='word_1_154' title='bbox 470 2291 509 2360; x_wconf 87' lang='grc' dir='ltr'><strong><em>τό</em></strong></span> <span class='ocrx_word' id='word_1_155' title='bbox 519 2297 665 2376; x_wconf 80' lang='grc' dir='ltr'><strong><em>ἔγκλημα</em></strong></span> <span class='ocrx_word' id='word_1_156' title='bbox 676 2288 697 2358; x_wconf 85' lang='grc' dir='ltr'><strong><em>δ</em></strong></span> <span class='ocrx_word' id='word_1_157' title='bbox 706 2297 823 2375; x_wconf 78' lang='grc' dir='ltr'><strong><em>ἔλαχον</em></strong></span> <span class='ocrx_word' id='word_1_158' title='bbox 834 2286 924 2376; x_wconf 73' lang='grc' dir='ltr'><strong><em>αὐτῷ</em></strong></span> <span class='ocrx_word' id='word_1_159' title='bbox 936 2292 1038 2374; x_wconf 83' lang='grc' dir='ltr'><strong><em>πέρυ·</em></strong></span> 
     </span>
     <span class='ocr_line' id='line_1_22' title="bbox 83 2383 1035 2477; baseline -0.006 -18"><span class='ocrx_word' id='word_1_160' title='bbox 83 2413 154 2459; x_wconf 93' lang='grc' dir='ltr'><strong><em>σιν·</em></strong></span> <span class='ocrx_word' id='word_1_161' title='bbox 166 2389 186 2458; x_wconf 86' lang='grc' dir='ltr'><strong><em>ό</em></strong></span> <span class='ocrx_word' id='word_1_162' title='bbox 196 2392 285 2458; x_wconf 81' lang='grc' dir='ltr'><strong><em>ἐστιν</em></strong></span> <span class='ocrx_word' id='word_1_163' title='bbox 294 2386 435 2468; x_wconf 80' lang='grc' dir='ltr'><strong><em>οὐδενός</em></strong></span> <span class='ocrx_word' id='word_1_164' title='bbox 443 2395 577 2459; x_wconf 79' lang='grc' dir='ltr'><strong><em>ἔλαττον</em></strong></span> <span class='ocrx_word' id='word_1_165' title='bbox 587 2390 765 2477; x_wconf 80' lang='grc' dir='ltr'><strong><em>τεκμήριον</em></strong></span> <span class='ocrx_word' id='word_1_166' title='bbox 775 2388 826 2457; x_wconf 89' lang='grc' dir='ltr'><strong><em>ότι</em></strong></span> <span class='ocrx_word' id='word_1_167' title='bbox 833 2389 964 2456; x_wconf 83' lang='grc' dir='ltr'><strong><em>οὐδέπω</em></strong></span> <span class='ocrx_word' id='word_1_168' title='bbox 973 2383 1035 2456; x_wconf 86' lang='grc' dir='ltr'><strong><em>τότ’</em></strong></span> 
     </span>
     <span class='ocr_line' id='line_1_23' title="bbox 82 2488 970 2577; baseline -0.003 -19"><span class='ocrx_word' id='word_1_169' title='bbox 82 2496 185 2577; x_wconf 74' lang='grc' dir='ltr'><strong><em>ἔφησε</em></strong></span> <span class='ocrx_word' id='word_1_170' title='bbox 196 2495 353 2576; x_wconf 88' lang='grc' dir='ltr'><strong><em>Φορμίων</em></strong></span> <span class='ocrx_word' id='word_1_171' title='bbox 363 2488 609 2557; x_wconf 83' lang='grc' dir='ltr'><strong><em>ἀποδεδωκέναι</em></strong></span> <span class='ocrx_word' id='word_1_172' title='bbox 619 2488 657 2558; x_wconf 87' lang='grc' dir='ltr'><strong><em>τό</em></strong></span> <span class='ocrx_word' id='word_1_173' title='bbox 667 2495 805 2575; x_wconf 83' lang='grc' dir='ltr'><strong><em>χρυσίον</em></strong></span> <span class='ocrx_word' id='word_1_174' title='bbox 816 2488 970 2574; x_wconf 90' lang='grc' dir='ltr'><strong><em>Λάμπιδι.</em></strong></span> 
     </span>
    </p>
   </div>
   <div class='ocr_carea' id='block_1_5' title="bbox 77 2625 1039 3515">
    <p class='ocr_par' dir='ltr' id='par_1_5' title="bbox 443 2625 677 2688">
     <span class='ocr_line' id='line_1_24' title="bbox 443 2625 677 2688; baseline -0.009 0"><span class='ocrx_word' id='word_1_175' title='bbox 443 2625 504 2688; x_wconf 83' lang='grc' dir='ltr'><strong><em>ΕΓ</em></strong></span> <span class='ocrx_word' id='word_1_176' title='bbox 500 2625 677 2687; x_wconf 84' lang='grc' dir='ltr'><strong><em>ΚΛΗΜΑ.</em></strong></span> 
     </span>
    </p>

    <p class='ocr_par' dir='ltr' id='par_1_6' title="bbox 77 2728 1039 3515">
     <span class='ocr_line' id='line_1_25' title="bbox 171 2728 1039 2823; baseline -0.001 -21"><span class='ocrx_word' id='word_1_177' title='bbox 171 2743 278 2803; x_wconf 81' lang='grc' dir='ltr'><strong><em>Τοῦτο</em></strong></span> <span class='ocrx_word' id='word_1_178' title='bbox 297 2734 333 2805; x_wconf 88' lang='grc' dir='ltr'><strong><em>τό</em></strong></span> <span class='ocrx_word' id='word_1_179' title='bbox 353 2741 501 2823; x_wconf 81' lang='grc' dir='ltr'><strong><em>ἔγκλημα.</em></strong></span> <span class='ocrx_word' id='word_1_180' title='bbox 516 2740 634 2821; x_wconf 85' lang='grc' dir='ltr'><strong><em>ἔλαχον</em></strong></span> <span class='ocrx_word' id='word_1_181' title='bbox 649 2733 728 2820; x_wconf 78' lang='grc' dir='ltr'><strong><em>ἐγω,</em></strong></span> <span class='ocrx_word' id='word_1_182' title='bbox 754 2728 782 2803; x_wconf 70' lang='grc' dir='ltr'><strong><em>οἶ</em></strong></span> <span class='ocrx_word' id='word_1_183' title='bbox 804 2733 924 2819; x_wconf 85' lang='grc' dir='ltr'><strong><em>ἀνδρες</em></strong></span> <span class='ocrx_word' id='word_1_184' title='bbox 939 2733 1039 2821; x_wconf 82' lang='grc' dir='ltr'><strong><em>Ἀθη-</em></strong></span> 
     </span>
     <span class='ocr_line' id='line_1_26' title="bbox 82 2831 1039 2923; baseline 0.003 -24"><span class='ocrx_word' id='word_1_185' title='bbox 82 2847 181 2917; x_wconf 78' lang='grc' dir='ltr'><strong><em>ναῖοι,</em></strong></span> <span class='ocrx_word' id='word_1_186' title='bbox 193 2832 385 2920; x_wconf 76' lang='grc' dir='ltr'><strong><em>οὐδαμόθεν</em></strong></span> <span class='ocrx_word' id='word_1_187' title='bbox 396 2834 543 2904; x_wconf 85' lang='grc' dir='ltr'><strong><em>άλλοθεν</em></strong></span> <span class='ocrx_word' id='word_1_188' title='bbox 555 2844 692 2905; x_wconf 77' lang='grc' dir='ltr'><strong><em>σκοπόν</em></strong></span> <span class='ocrx_word' id='word_1_189' title='bbox 702 2832 777 2904; x_wconf 88' lang='grc' dir='ltr'><strong><em>ἀλλ’</em></strong></span> <span class='ocrx_word' id='word_1_190' title='bbox 788 2831 812 2923; x_wconf 69' lang='grc' dir='ltr'><strong><em>η’</em></strong></span> <span class='ocrx_word' id='word_1_191' title='bbox 820 2838 856 2904; x_wconf 80' lang='grc' dir='ltr'><strong><em>ἐκ</em></strong></span> <span class='ocrx_word' id='word_1_192' title='bbox 868 2834 1039 2922; x_wconf 80' lang='grc' dir='ltr'><strong><em>τῆςάπαγ-</em></strong></span> 
     </span>
     <span class='ocr_line' id='line_1_27' title="bbox 81 2931 1039 3021; baseline 0.003 -24"><span class='ocrx_word' id='word_1_193' title='bbox 81 2936 191 3016; x_wconf 77' lang='grc' dir='ltr'><strong><em>μελίας</em></strong></span> <span class='ocrx_word' id='word_1_194' title='bbox 201 2940 259 3018; x_wconf 85' lang='grc' dir='ltr'><strong><em>τῆς</em></strong></span> <span class='ocrx_word' id='word_1_195' title='bbox 269 2931 457 3020; x_wconf 81' lang='grc' dir='ltr'><strong><em>Λάμπιδος,</em></strong></span> <span class='ocrx_word' id='word_1_196' title='bbox 470 2932 506 3013; x_wconf 78' lang='grc' dir='ltr'><strong><em>ὃς</em></strong></span> <span class='ocrx_word' id='word_1_197' title='bbox 517 2932 580 3003; x_wconf 84' lang='grc' dir='ltr'><strong><em>οὐκ</em></strong></span> <span class='ocrx_word' id='word_1_198' title='bbox 592 2941 739 3021; x_wconf 78' lang='grc' dir='ltr'><strong><em>ἔφασκεν</em></strong></span> <span class='ocrx_word' id='word_1_199' title='bbox 750 2935 828 3003; x_wconf 81' lang='grc' dir='ltr'><strong><em>οὔτε</em></strong></span> <span class='ocrx_word' id='word_1_200' title='bbox 839 2937 879 3003; x_wconf 83' lang='grc' dir='ltr'><strong><em>τά</em></strong></span> <span class='ocrx_word' id='word_1_201' title='bbox 889 2935 1039 3021; x_wconf 84' lang='grc' dir='ltr'><strong><em>χρήματα</em></strong></span> 
     </span>
     <span class='ocr_line' id='line_1_28' title="bbox 81 3031 1037 3120; baseline 0.001 -21"><span class='ocrx_word' id='word_1_202' title='bbox 81 3033 292 3099; x_wconf 76' lang='grc' dir='ltr'><strong><em>ἐντεθεῖσθαι</em></strong></span> <span class='ocrx_word' id='word_1_203' title='bbox 308 3040 428 3100; x_wconf 81' lang='grc' dir='ltr'><strong><em>τοῦτον</em></strong></span> <span class='ocrx_word' id='word_1_204' title='bbox 445 3033 523 3100; x_wconf 82' lang='grc' dir='ltr'><strong><em>οὔτε</em></strong></span> <span class='ocrx_word' id='word_1_205' title='bbox 540 3032 577 3100; x_wconf 85' lang='grc' dir='ltr'><strong><em>τό</em></strong></span> <span class='ocrx_word' id='word_1_206' title='bbox 589 3041 727 3119; x_wconf 79' lang='grc' dir='ltr'><strong><em>χρυσίον</em></strong></span> <span class='ocrx_word' id='word_1_207' title='bbox 739 3032 971 3119; x_wconf 84' lang='grc' dir='ltr'><strong><em>ἀπειληφέναι·</em></strong></span> <span class='ocrx_word' id='word_1_208' title='bbox 993 3031 1037 3120; x_wconf 75' lang='grc' dir='ltr'><strong><em>μὴ</em></strong></span> 
     </span>
     <span class='ocr_line' id='line_1_29' title="bbox 80 3128 1038 3218; baseline 0.005 -23"><span class='ocrx_word' id='word_1_209' title='bbox 80 3129 146 3214; x_wconf 73' lang='grc' dir='ltr'><strong><em>γάρ</em></strong></span> <span class='ocrx_word' id='word_1_210' title='bbox 159 3132 277 3196; x_wconf 82' lang='grc' dir='ltr'><strong><em>οίεσθό</em></strong></span> <span class='ocrx_word' id='word_1_211' title='bbox 284 3156 325 3215; x_wconf 92' lang='grc' dir='ltr'><strong><em>με</em></strong></span> <span class='ocrx_word' id='word_1_212' title='bbox 342 3129 449 3211; x_wconf 79' lang='grc' dir='ltr'><strong><em>οὕτως</em></strong></span> <span class='ocrx_word' id='word_1_213' title='bbox 465 3128 679 3218; x_wconf 80' lang='grc' dir='ltr'><strong><em>ἀπόπληκτον</em></strong></span> <span class='ocrx_word' id='word_1_214' title='bbox 696 3131 780 3200; x_wconf 80' lang='grc' dir='ltr'><strong><em>εἶναι</em></strong></span> <span class='ocrx_word' id='word_1_215' title='bbox 797 3135 853 3200; x_wconf 74' lang='grc' dir='ltr'><strong><em>καὶ</em></strong></span> <span class='ocrx_word' id='word_1_216' title='bbox 870 3141 1038 3213; x_wconf 73' lang='grc' dir='ltr'><strong><em>παντελῶς</em></strong></span> 
     </span>
     <span class='ocr_line' id='line_1_30' title="bbox 80 3225 1037 3318; baseline 0.008 -25"><span class='ocrx_word' id='word_1_217' title='bbox 80 3225 284 3315; x_wconf 85' lang='grc' dir='ltr'><strong><em>μαινόμενον</em></strong></span> <span class='ocrx_word' id='word_1_218' title='bbox 312 3226 397 3296; x_wconf 72' lang='grc' dir='ltr'><strong><em>ὥστε</em></strong></span> <span class='ocrx_word' id='word_1_219' title='bbox 426 3239 558 3298; x_wconf 82' lang='grc' dir='ltr'><strong><em>τοιοῦτο</em></strong></span> <span class='ocrx_word' id='word_1_220' title='bbox 585 3229 729 3316; x_wconf 79' lang='grc' dir='ltr'><strong><em>γράφειν</em></strong></span> <span class='ocrx_word' id='word_1_221' title='bbox 750 3235 895 3318; x_wconf 81' lang='grc' dir='ltr'><strong><em>ἔγκλημα</em></strong></span> <span class='ocrx_word' id='word_1_222' title='bbox 916 3229 1037 3318; x_wconf 87' lang='grc' dir='ltr'><strong><em>ὁμολο-</em></strong></span> 
     </span>
     <span class='ocr_line' id='line_1_31' title="bbox 77 3325 1035 3416; baseline 0.004 -22"><span class='ocrx_word' id='word_1_223' title='bbox 77 3335 221 3414; x_wconf 77' lang='grc' dir='ltr'><strong><em>γοῦντος</em></strong></span> <span class='ocrx_word' id='word_1_224' title='bbox 240 3334 302 3393; x_wconf 81' lang='grc' dir='ltr'><strong><em>τοῦ</em></strong></span> <span class='ocrx_word' id='word_1_225' title='bbox 318 3325 491 3413; x_wconf 89' lang='grc' dir='ltr'><strong><em>Λάμπιδος</em></strong></span> <span class='ocrx_word' id='word_1_226' title='bbox 508 3326 725 3416; x_wconf 83' lang='grc' dir='ltr'><strong><em>ἀπειληφέναι</em></strong></span> <span class='ocrx_word' id='word_1_227' title='bbox 741 3325 778 3396; x_wconf 89' lang='grc' dir='ltr'><strong><em>τό</em></strong></span> <span class='ocrx_word' id='word_1_228' title='bbox 796 3337 950 3416; x_wconf 83' lang='grc' dir='ltr'><strong><em>χρυσίον,</em></strong></span> <span class='ocrx_word' id='word_1_229' title='bbox 973 3326 1035 3408; x_wconf 80' lang='grc' dir='ltr'><strong><em>ὑφ’</em></strong></span> 
     </span>
     <span class='ocr_line' id='line_1_32' title="bbox 78 3418 594 3515; baseline 0.008 -23"><span class='ocrx_word' id='word_1_230' title='bbox 78 3418 123 3493; x_wconf 79' lang='grc' dir='ltr'><strong><em>οὖ</em></strong></span> <span class='ocrx_word' id='word_1_231' title='bbox 138 3430 277 3513; x_wconf 80' lang='grc' dir='ltr'><strong><em>ἔμελλον</em></strong></span> <span class='ocrx_word' id='word_1_232' title='bbox 288 3427 594 3515; x_wconf 76' lang='grc' dir='ltr'><strong><em>ἐξελεγχθήσεσθαι,</em></strong></span> 
     </span>
    </p>
   </div>
   <div class='ocr_carea' id='block_1_6' title="bbox 0 0 1190 3854">
    <p class='ocr_par' dir='ltr' id='par_1_7' title="bbox 0 0 1190 3854">
     <span class='ocr_line' id='line_1_33' title="bbox 0 0 1190 3854; baseline 0 0"><span class='ocrx_word' id='word_1_233' title='bbox 0 0 1190 3854; x_wconf 95' lang='lat' dir='ltr'><strong><em> </em></strong></span> 
     </span>
    </p>
   </div>
  </div>
 </body>
</html>
