2370 3854
354 206 498 271 ΠΡΟΣ
515 205 800 269 ΛΑΚΡΙΤΟΝ.
994 205 1057 269 411

103 362 377 453 τοίςτοιούτοιςῆ
390 365 442 435 ὁτι
451 365 675 452 ἀφαιροῦνται
684 373 742 453 βίηι
753 363 793 433 τὰ
805 363 979 452 ἀλλότριαι
992 369 1056 453 έγῶ

102 467 165 554 μὲν
177 465 255 537 οὐδ’
267 466 397 554 ἀκήκοα
412 468 546 539 πάποτε
563 474 700 553 πρᾶγμα
715 465 955 556 μιαρότερονῆ
967 467 986 539 ὁ
996 463 1058 538 οῦ-

102 592 154 634 τοι
166 566 446 650 διαπεπραγμένοι
461 568 524 636 είσί
540 567 616 648 περὶ
631 563 731 651 ἡμᾶς,
751 567 807 635 καὶ
824 565 922 635 ταῦῦ’
934 565 1059 653 ὁμολον

56 670 247 750 ςγγοῦντες
262 669 378 750 λαβεῖν
395 661 468 747 παρ’
481 662 578 750 ἡμῶν
595 660 636 730 τά
648 665 808 750 χρήματα.
839 663 903 732 όσα
913 666 976 751 μὲν
991 665 1056 753 γάρ

103 760 378 849 ἀμφισβητήσιμά
389 763 458 830 ἐστι
468 769 537 831 τῶν
550 769 773 848 συμβολαίων,
791 770 930 847 κρίσεως
942 767 1056 849 δεῖται,
1065 782 1117 836 932

103 855 132 928 οὸ
150 860 271 944 ἀνδρες
288 863 452 928 δικασταί·
481 858 522 928 τά
541 859 577 929 δέ
594 858 669 943 παρ’
681 859 880 947 ἀμφοτέρων
891 858 1057 949 ὁμολογη-

104 961 210 1027 θέντα
229 965 299 1029 τῶν
317 962 589 1045 συντιθεμένων,
618 962 771 1048 καὶπερὶ
795 953 844 1031 ῶν
866 963 1058 1048 συγγραφαὶ

104 1071 229 1126 κεῖνται
246 1059 411 1146 ναυτικαί,
432 1060 525 1137 τέλος
536 1062 623 1143 ἔχειν
639 1057 979 1147 άπαντεςνομίζονσι,
1001 1062 1057 1131 καί

101 1164 247 1243 χρῆσθαι
258 1154 493 1241 προσηκειτοϊς
503 1160 751 1242 γεγραμμένοις.
782 1155 882 1228 ὁτιδὲ
898 1157 1056 1246 κατάτήν

102 1252 303 1340 συγγραφὴν
319 1250 395 1321 οὐδ’
407 1251 523 1321 ὁτιοῦν
540 1255 775 1342 πεποιήκασιν,
796 1255 866 1325 ἀλλ’
879 1255 984 1337 εὐθύς
995 1255 1052 1324 ἀπ’

102 1351 204 1438 ἀρχῆς
211 1351 390 1438 ἀρξάμενοι
401 1354 639 1438 ἐκακοτέχνουν
649 1356 706 1422 καί
715 1355 940 1441 ἐπεβούλευον
951 1355 1056 1442 μηδὲν

103 1447 193 1534 ὑγιὲς
203 1464 321 1535 ποιεῖν,
328 1448 396 1519 ῦπό
406 1477 442 1520 τε
452 1460 520 1519 τῶν
530 1460 724 1538 μαρτυριῶν
735 1455 790 1520 καί
802 1450 897 1521 αὐτοὶ
908 1450 964 1538 ὑφ’
974 1455 1055 1520 ἑαυ-

102 1554 169 1617 τῶν
180 1551 368 1635 ἐλέγχονται
378 1547 501 1619 οὑτωσί
510 1558 721 1636 καταφανῶς.

55 1671 93 1724 28
180 1643 220 1715 Ὃ
240 1648 278 1717 δὲ
298 1648 436 1717 πάντων
458 1648 649 1717 δεινότατον
671 1647 869 1735 διεπράξατο
891 1646 1056 1731 Λάκριτος

103 1743 226 1832 οὑτοσί,
239 1743 386 1833 δείὸμάς
395 1743 553 1816 ἀκοῦσαι·
576 1738 674 1826 οὗτος
685 1745 750 1834 γάρ
767 1739 810 1835 ἦν
822 1744 840 1814 ὁ
852 1747 961 1813 πάντα
972 1754 1055 1812 ταῦ-

100 1872 141 1912 τα
160 1849 305 1914 διοικῶν.
349 1843 460 1932 ἐπειδὴ
476 1844 540 1931 γάρ
557 1842 719 1932 ἀφίκοντο
736 1848 852 1927 δεῦρο,
876 1849 922 1922 είς
937 1840 998 1928 μὲν
1015 1841 1052 1911 τό

100 1943 261 2031 ὑμέτερον
271 1943 431 2031 ἐμπόριον
444 1942 487 2013 ού
498 1947 749 2030 καταπλέουσιν,
762 1948 808 2022 είς
818 1949 944 2029 φωρῶν
956 1939 991 2008 δέ
1002 1948 1054 2007 λι-

98 2045 181 2128 μένα
191 2039 392 2131 ὁρμίζονται,
405 2042 442 2124 ὅς
451 2047 542 2113 ἐστιν
551 2049 612 2125 ἔξω
624 2053 693 2113 τῶν
703 2049 853 2130 σημείων
863 2049 926 2110 τοῦ
935 2039 1053 2125 ὑμετέ-

100 2164 165 2224 ρου
177 2143 347 2228 ἐμπορίου.
367 2143 421 2211 καί
432 2147 522 2211 ἐστιν
533 2141 652 2228 ὅμοιον
665 2147 712 2219 είς
722 2148 850 2227 φωρῶν
860 2140 978 2224 λιμένα
991 2136 1052 2222 ὁρ-

100 2247 280 2327 μίσασθαι,
304 2236 414 2324 ῶσπερ
433 2236 477 2308 ἀν
488 2250 521 2309 εί
535 2266 584 2320 τις
600 2245 646 2318 είς
655 2248 801 2326 Αίγιναν
816 2234 896 2325 ἢείς
908 2241 1051 2322 Μέγαρα

99 2334 288 2422 ὁρμίσαιτο·
310 2342 414 2418 ἔξεστι
430 2338 495 2423 γάρ
513 2337 676 2407 ἀποπλεῖν
692 2341 728 2405 ἐκ
745 2344 808 2404 τοῦ
823 2338 956 2423 λιμένος
969 2334 1053 2401 τού-

97 2461 160 2503 του
171 2433 254 2505 ὁποι
269 2435 313 2504 ἀν
329 2464 378 2516 τις
395 2437 556 2525 βούληται
574 2440 629 2506 καὶ
646 2432 772 2522 ὁπηνίκ’
786 2431 830 2502 ἀν
848 2440 933 2521 δοκῇ
949 2431 1050 2525 αὐτῷ.

53 2550 90 2609 29
99 2537 155 2604 καὶ
164 2532 202 2603 τό
213 2535 276 2622 μέν
286 2544 404 2605 πλοῖον
415 2535 519 2624 ῶρμει
534 2541 684 2606 ἐνταῦθα
702 2541 840 2619 πλείους
856 2530 986 2621 ἦπέντε
997 2539 1052 2602 καὶ

100 2643 226 2703 είκοσιν
235 2632 375 2721 ἡμέρας,
399 2627 493 2704 οῦτοι
511 2637 546 2704 δέ
562 2636 786 2722 περιεπάτουν
797 2639 834 2704 έν
845 2642 894 2726 τῷ
905 2639 1053 2721 δείγματι

98 2740 145 2822 τςῦ
160 2731 325 2825 ὑμετέρῳ,
349 2738 405 2803 καὶ
421 2733 513 2822 ἡμεῖς
530 2735 724 2821 προσιόντες
741 2734 975 2821 διελεγόμεθα,
996 2737 1052 2802 καὶ

99 2833 295 2919 ἐκελεύομεν
311 2835 452 2912 τούτους
467 2838 694 2922 ἐπιμελεῖσθαι
711 2835 803 2917 ὁπως
814 2831 863 2905 ἀν
875 2831 920 2917 ῶς
931 2832 1050 2921 τάχιστ’

99 2927 328 3018 ἀπολάβοιμεν
340 2931 380 3000 τά
393 2935 552 3020 χρήματα.
576 2929 670 3005 οῦτοι
688 2935 721 3003 δ’
733 2935 934 3023 οὸμολόγουν
950 2936 1051 3001 τεκαὶ

95 3034 215 3113 Ιἔλεγον
231 3027 281 3099 ότι
296 3029 498 3101 αῦτάταῦτα
515 3042 715 3118 περαίνοιεν.
745 3037 801 3103 καί
817 3032 911 3120 ἡμεῖς
921 3032 1051 3109 τούτοις

100 3135 288 3218 προσῇμεν,
317 3131 373 3200 καὶ
394 3129 447 3216 ἀμ’
468 3134 717 3216 ἐπεσκοποῦμεν
738 3140 772 3198 εδ
788 3156 820 3196 τι
844 3132 1052 3215 ἐξαιροῦνταί

58 3236 209 3298 εθποθεν
227 3230 263 3296 έιι
279 3236 341 3297 τοῦ
359 3236 479 3298 πλοίου
494 3226 518 3312 ἢ
535 3229 863 3317 πεντηκοστεύονται.
891 3225 1003 3315 ἐπειδη
1016 3225 1047 3296 δ’

10 3344 13 3351 “
99 3323 220 3412 ἡμέραι
235 3352 271 3395 τε
288 3319 376 3413 ἦσαν
393 3331 513 3414 συχναί
530 3332 727 3415 ἐπιδημοῦσι
744 3325 901 3412 τούτοις,
913 3325 1007 3412 ἡμεῖς
1023 3321 1048 3393 τ’

101 3423 177 3493 οὐδ’
189 3423 304 3494 ὁτιοῦν
322 3424 521 3515 εὑρίσκομεν
536 3425 603 3496 οὔτ’
615 3427 816 3513 ἐξῃρημένον
834 3422 912 3493 οὔτε
928 3449 1053 3492 πεπεν-
