2370 3854
142 239 202 299 110
353 240 423 296 xx1.
459 233 879 295 Λειινοεοιιαονε
960 200 963 205 ’

139 406 173 467 τί
186 401 337 485 ποιήσειν
355 405 486 477 olma
507 397 541 474 ἐξ
558 393 641 460 ότον
658 393 694 460 δὲ
703 390 798 459 τοῦτ’
815 388 860 460 όίν
877 398 1012 481 είδείητε
1028 398 1095 482 ἐγὼ

139 496 273 582 φρασα·
297 502 327 564 εί
342 509 410 574 τοῖς
425 493 505 581 μετὰ
520 491 583 578 τὴν
592 497 798 577 χειροτονίαν
807 500 992 579 τεκμηρίοις
1002 505 1095 564 θεω-

62 652 65 657 .
139 595 280 681 ρησαιτε.
311 601 360 673 τίς
369 593 433 678 γόρ
445 595 535 660 ἐστιν
544 590 635 670 ὅστις
645 595 963 678 καταχειροτονηθὲν
974 593 1094 679 αὐτοῦ,

138 696 192 762 καὶ
203 691 290 760 ταῦτ’
303 691 436 778 όσεβεῖν
447 693 521 775 περὶ
532 688 595 775 τὴν
606 687 734 774 ἑορτὴν,
758 694 789 757 εί
797 691 853 757 καὶ
863 694 976 776 μηδεὶς
986 693 1093 772 ἄλλος

138 798 221 877 ἐπῆν
231 789 323 876 όγόνν
333 793 380 856 ἔτι
390 787 653 874 μηδὲκίνδονος,
677 785 739 853 οὐκ
751 782 794 854 όν
804 785 859 855 ἐπ’
876 786 967 879 αὐτῷ
983 792 1093 881 τούτῳ

137 895 259 958 κατέδυ
277 890 331 956 καὶ
348 892 483 973 μέτριον
500 889 662 969 ’παρέσχεν
679 884 798 952 ἑαυτὸν
812 884 875 952 τόν
892 912 932 971 γε
946 885 1094 974 δήμέχρι

78 997 195 1073 εῖοτῆς
206 997 344 1070 κρίσεως
353 985 492 1071 χρόνον,
505 989 536 1050 εί
544 986 599 1052 καὶ
609 979 654 1069 μὴ
666 984 789 1062 πάντας
808 983 918 1063 οὐδεὶς
927 977 1019 1066 ’ὅστις
1028 986 1093 1055 οὐκ

137 1087 189 1152 ἅν.
212 1083 279 1153 ἀλλ’
293 1081 335 1151 οὐ
341 1088 493 1168 Μειδίας,
505 1079 573 1149 ἄλλ’
583 1079 648 1149 ἀπὸ
661 1090 718 1167 τῆς
727 1081 851 1167 ἡμέρας
860 1083 983 1170 ταότης
992 1089 1091 1171 λέγει,

138 1188 342 1268 λοιδορεῖται,
349 1189 422 1270 βοᾳ
445 1193 675 1266 χειροτονεῖται
684 1189 746 1260 τίς;
758 1186 899 1261 Μειδίας
907 1180 1093 1268 Ἀναγνρό-
1102 1183 1130 1239 ⁵?

138 1283 446 1367 σιοςπροβέβληται.
479 1279 699 1364 Πλουτάρχου
715 1286 880 1367 προξενεῖ,
900 1281 1092 1368 τάπόρρητα

137 1382 236 1467 οἶδεν,
248 1378 375 1466 ἡπόλις
387 1375 659 1463 αὖτδνούχωρεῖ.
694 1379 863 1447 καὶταῦτα
880 1379 988 1448 πάντα
1005 1395 1096 1447 ποιεῖ

137 1472 926 1565 δῆλονὸτιοόδενόίλλοἐνδεικνύμενοςῆότι“ἐγώ
937 1480 1092 1546 πέπονθα

134 1575 255 1644 “οὐδὲν
265 1574 331 1642 ὑπὸ
342 1583 399 1661 τῆς
407 1579 702 1659 καταχειροτονίας,
711 1573 789 1642 οὐδὲ
797 1578 929 1643 δέδοικα
939 1574 1017 1645 οὐδὲ
1026 1601 1091 1660 φο-

78 1693 128 1744 201
136 1683 260 1763 βοῦμαι
271 1673 332 1743 τόν
342 1676 504 1760 μέλλοντα
512 1670 655 1756 ’ἆγῶνα.”
688 1670 725 1750 ὃς
735 1665 814 1759 οὖν,
827 1667 1091 1761 αἷόίνδρεςἉθη-

137 1773 278 1856 ναῖοι,τό
286 1769 439 1857 μὲνὺμοῖς
448 1774 591 1838 δεδιέναι
600 1775 712 1839 δοκεῖν
721 1769 1044 1860 αίσχρόνὴγεῖται,τὸ
1054 1774 1091 1842 δὲ

136 1872 239 1957 μηδὲν
247 1877 433 1956 φροντίζειν
441 1868 537 1955 ὑμῶν
545 1868 712 1954 νεανικόν,
720 1879 840 1937 τοῦτον
850 1871 912 1940 οὐκ
921 1872 1091 1940 ἀπολωλέ-

137 1996 193 2035 ναι
205 1968 336 2045 δεκάκις
346 1965 520 2052 προσήκεις
533 1965 612 2035 οὐδὲ
622 1964 687 2053 γαρ
699 1969 784 2047 ἕξειν
793 1967 881 2054 ὑμᾶς
891 1969 911 2037 ό
921 1998 953 2037 τι
968 1973 1090 2058 χρήσε-

138 2063 304 2152 σθεαότηῖ
314 2071 446 2149 νομίζει.
481 2064 653 2151 πλούσιος,
676 2063 823 2150 θρασύς,
846 2072 929 2152 μέγα
939 2078 1089 2154 φρονῶν,

136 2166 219 2250 μίγα
231 2163 475 2253 φθεγγόμενος,
487 2172 609 2252 βίαιος,
621 2162 766 2252 ἀναιδής.
790 2173 859 2232 ποῦ
869 2167 1089 2252 ληφθήσεται,

135 2271 201 2331 νῦν
211 2261 271 2331 ἐόν
282 2262 531 2350 διακρούσηται;

77 2387 128 2438 οοη
218 2361 302 2431 Ἀλλ’
316 2368 435 2449 ἔγωγε,
449 2370 480 2431 εί
486 2363 628 2450 μηδενός
638 2365 736 2432 ἕνεκα
747 2372 816 2431 τόν
827 2364 939 2431 ἄλλων
947 2413 956 2446 ,
970 2372 1040 2429 τῶν
1050 2390 1087 2448 γε

138 2468 349 2546 δημηγοριῶν
367 2454 417 2528 οἷν
435 2462 588 2528 ἑκάστοτε
607 2467 800 2547 δημηγορεῖ,
823 2463 878 2527 καὶ
895 2464 932 2528 ἐν
948 2457 997 2538 οἷς
1012 2486 1089 2528 και-

138 2573 223 2642 ροῖς,
245 2555 307 2642 τὴν
321 2563 476 2643 μεγίστην
487 2554 530 2624 όν
542 2555 646 2625 αότόν
657 2562 789 2634 δικαίας
799 2555 889 2642 οἶμαι
899 2562 996 2645 δίκην
1006 2562 1088 2627 δοῦ-

140 2682 202 2721 ναι.
228 2665 296 2722 ίστε
306 2654 370 2739 γὰρ
383 2653 491 2740 δηπον
501 2652 607 2738 τοῦθ’,
619 2653 670 2722 ότι
680 2654 740 2722 ἐόιν
750 2658 812 2739 μέν
821 2681 854 2722 τι
864 2663 931 2724 τῶν
943 2655 1089 2725 δεόντων

138 2752 334 2840 ἀπαγγελθῇ
350 2761 390 2841 τῇ
408 2751 501 2819 πόλει
510 2755 566 2819 καὶ
576 2762 728 2821 τοιοῦτον
741 2750 814 2821 οἷον
825 2752 990 2840 εὐφρᾶναι
1000 2755 1088 2822 πόν-

137 2876 212 2932 τας,
224 2847 375 2935 οὐδαμοῦ
385 2848 518 2918 πρόποτε
529 2855 671 2931 Μειδίας
679 2859 748 2920 ταῖν
760 2857 998 2938 συνηδομένων
1009 2852 1088 2921 οὐδὲ

79 2956 205 3023 ηο3τών
216 2945 464 3031 συγχαιρόντων
474 2951 695 3038 ἐξητόσθητῶ
706 2951 816 3040 δήμῳ,
835 2946 878 3018 ι’ίν
889 2956 966 3019 δέτι
977 2958 1088 3037 φλαῦ-

139 3072 209 3130 ρον,
223 3073 240 3113 ο
226 3042 396 3132 Ημηδελς
374 3073 418 3113 αν
427 3046 582 3134 βούλοιτο
593 3056 660 3123 τοῖν
671 3048 792 3133 ἄλλων,
809 3058 936 3135 πρῶτος
948 3049 1087 3135 ἀνέστη

140 3170 199 3210 κεν
211 3140 337 3221 εὐθέως
346 3147 401 3211 καὶ
413 3148 606 3264 δημηγορεῖ,
629 3153 766 3234 έπεμβαῖ
765 3174 835 3215 νων
852 3156 898 3238 τῷ
915 3156 1021 3234 καιρῷ
1032 3175 1087 3218 και

139 3247 196 3326 τῆς
208 3247 332 3326 σιωπης
342 3237 565 3326 ἆπολανων,“
543 3270 586 3329 ην
596 3247 648 3311 ἐπὶ
659 3272 704 3336 τρι
691 3249 843 3368 ζ”περλ
797 3274 866 3314 των
876 3247 1081 3334 σνμβεβηκό

139 3365 207 3406 των
225 3338 391 3424 ἄχθεσθαι
408 3352 556 3410 ποιεῖσθε
573 3341 679 3429 ὑμεῖς·
717 3371 860 3413 τοιοντοι
870 3372 935 3432 γαρ
946 3349 1086 3429 ἐστε,α
1127 3378 1129 3384 ’

135 3434 295 3521 ἅνδρες’
290 3447 469 3525 Αθηναῖοι·
493 3440 627 3508 οὐδε
588 3468 652 3526 γαρ
668 3444 837 3530 ἐξέρχεσθε
844 3495 853 3528 ,
876 3442 951 3511 οὐδ’
974 3453 1070 3513 οίεσθ
