2370 3854
36 197 42 225 ¹
137 197 201 260 σου
334 201 429 258 xx1v.
473 180 888 256 ΛΗΜοΣοσαουΣ

137 355 200 428 κδν
220 359 275 427 καὶ
291 361 366 444 περὶ
382 353 419 425 τό
438 361 567 442 πλῆθος
581 355 619 423 τὸ
636 352 922 441 ῦμέτερονπολλδ
944 355 1096 426 σπουδαὶ-

80 479 129 532 135
138 450 257 524 σαντα·
280 453 355 524 ἀλλ’
378 454 468 541 ὅμως
488 454 567 534 τοῦς
588 454 714 540 νόμους
732 452 813 543 ρ’ίετο
831 458 902 522 δείν
919 458 974 522 καὶ
993 455 1095 536 αὐτὸς

137 559 261 635 ἐκεῖνος
279 552 417 641 ὁμοίως,
442 551 552 637 οἵσπερ
571 553 624 621 ἐπὶ
639 565 706 630 τοῖς
722 549 914 638 ἀδυνάτοις,
939 551 1028 621 οὕτω
1039 557 1094 623 καὶ

137 654 192 742 ἐφ’
212 657 317 745 ἑαυτῷ
335 653 479 739 ίσχόειν,
503 653 557 719 καὶ
573 653 701 737 ἐγένετο
719 652 756 717 έν
766 656 811 740 τῷ
823 650 976 738 οἰκήματι
985 653 1105 742 τούτῳΙ

137 750 241 821 πολλά
258 757 331 838 ἔτη,
356 754 417 830 ἕως
433 746 473 817 τά
490 749 640 836 χρήματα
657 747 810 817 ἀπέτισεν
827 745 951 831 ἀέδοξε
961 758 1019 837 τῆς
1029 753 1094 818 πό·

136 858 217 928 λεως
234 848 314 917 ὅντα
331 853 430 934 ἔχειν·
455 849 510 915 καὶ
527 843 579 914 ἐπ’
599 851 713 937 ἐκείνῳ
724 853 969 934 Καλλίστρατος
987 850 1095 917 δυνό-

136 973 235 1035 μενος
246 948 300 1013 καὶ
312 943 512 1031 ἀδελφιδοῦς
525 941 574 1012 νῦν
583 943 691 1013 αάτοῦ
699 943 762 1014 οῦκ
771 949 873 1014 ἐτίθει
881 945 1014 1034 νόμους.
1037 951 1092 1017 καὶ

137 1047 342 1131 Μυρωνίδης
358 1040 537 1128 ὁἈρχίνου
554 1041 627 1123 υίὸς
644 1051 707 1112 τοῦ
720 1043 964 1134 καταλαβόντος
975 1044 1093 1134 Φυλήν

137 1145 192 1212 καὶ
208 1142 288 1229 μετά
307 1169 345 1228 γε
357 1140 435 1222 τοῦς
445 1142 549 1221 θεοῦς
559 1144 753 1211 αίτιωτάτου
764 1142 860 1224 ὄντος
871 1152 928 1232 τῆς
940 1145 1092 1214 καθόδου

136 1249 183 1332 τῷ
201 1241 293 1330 δήμμ
309 1242 366 1309 καὶ
376 1240 459 1309 ἀλλα
470 1239 576 1310 πολλά
586 1245 640 1310 καὶ
650 1241 734 1311 καλά
746 1246 1027 1330 πεπολιτευμένου
1037 1247 1094 1313 καὶ

78 1362 128 1418 130
136 1339 416 1426 ἐστρατηγηκότος
433 1339 598 1420 πολλάκις.
633 1339 710 1410 ἀλλ’
728 1339 818 1428 ὅμως
835 1340 977 1423 ἅπαντες
998 1335 1093 1412 οῦτοι

135 1436 301 1525 ὑπέμενον
312 1436 391 1517 τοῦς
401 1438 533 1525 νόμους.
556 1441 611 1507 καὶ
623 1445 657 1507 οί
665 1448 776 1526 ταμίαι
788 1437 836 1527 ἐφ’
850 1432 899 1509 οἷν
909 1438 926 1510 ὁ
935 1439 1093 1511 Ὀπισθό-
1103 1450 1139 1506 λλ

136 1543 237 1624 δομος
253 1538 462 1624 ἐνεπρήσθη,
485 1540 539 1606 καὶ
556 1543 589 1605 οί
597 1545 665 1606 τῶν
675 1546 733 1624 τῆς
744 1547 829 1607 θεοῦ
841 1541 896 1608 καὶ
907 1544 943 1608 οί
950 1547 1019 1608 τῶν
1029 1539 1091 1609 ἀλ-

136 1645 205 1704 λων
223 1644 332 1722 θεῶν,
355 1639 391 1703 έν
406 1643 452 1726 τῷ
471 1636 622 1723 οίκήματι
638 1637 744 1726 τούτῳ
756 1629 860 1725 ήσαυ,
882 1635 974 1725 ἕωςή
987 1644 1092 1722 κρίσις

136 1734 248 1815 αὐτοῖς
259 1738 396 1822 ἐγένετο.
419 1739 473 1804 καὶ
484 1738 602 1822 οἱπερὶ
612 1733 673 1803 τόν
684 1750 777 1802 σῖτον
787 1734 915 1804 ἀδικεῖν
926 1735 1089 1822 δόξαντες,

136 1837 190 1902 καὶ
201 1835 438 1920 ἀλλοιπολλοὶ,
457 1828 484 1901 ἀ
494 1833 613 1921 ἀνδρες
626 1839 792 1921 δικασταί,
811 1836 931 1914 πάντες
942 1843 1091 1924 βελτίους

76 1931 479 2018 137Ἀνδροτίωνοςόυτες.
502 1931 569 2000 εἶτα
580 1932 708 2012 τούτοις
719 1933 780 2020 μὲν
791 1938 855 2002 ἔδει
866 1940 1003 2019 κυρίους
1011 1931 1091 2014 τοῦς

136 2031 238 2098 πάλαι
258 2032 428 2115 κειμένους
450 2029 574 2116 νόμους
596 2029 695 2117 εἶναι,
717 2034 772 2100 καὶ
794 2037 972 2101 δεδωκέναι
993 2038 1091 2120 δίκην

137 2128 258 2208 αὐτοῦς
267 2125 350 2196 κατά
362 2127 440 2207 τοῦς
453 2127 662 2216 ὑπάρχοντας
670 2131 811 2218 νόμους·
824 2130 861 2198 δι’
871 2130 1090 2217 Ἀνδροτίωνα

138 2220 175 2288 δὲ
192 2225 247 2288 καὶ
268 2224 461 2308 Γλαυκέτην
481 2224 537 2289 καί
553 2223 768 2290 Μελάυωπον
785 2221 903 2288 καινὸν
921 2225 974 2287 δεῖ
993 2222 1088 2304 γενέ-

139 2330 219 2387 σθαι
237 2319 362 2407 νόμον,
384 2318 463 2400 τοῦς
483 2317 652 2406 ἡλωκότας
674 2321 728 2388 καὶ
748 2319 850 2410 ψήφῳ
873 2319 1089 2403 κεκριμένους

136 2419 219 2487 κατά
236 2418 313 2496 τοῦς
329 2417 432 2485 πάλαι
448 2420 619 2504 κειμένους
630 2417 755 2502 νόμους
769 2418 824 2483 καὶ
837 2415 994 2494 δόξαντας
1006 2419 1093 2498 ἔχειν

136 2515 207 2600 ίερά
227 2516 376 2602 χρήματα
394 2517 449 2582 καὶ
465 2513 557 2592 ὅσια;
580 2512 637 2582 εἶτ’
658 2512 700 2581 οὐ
718 2516 958 2597 καταγέλαστος
971 2507 1090 2596 δόξειή

137 2615 231 2692 πόλις
243 2613 343 2700 εἶναι,
356 2619 386 2682 εί
394 2626 462 2691 τοῖς
473 2614 675 2698 ἱεροσύλοις,
688 2610 779 2689 ὅπως
790 2609 1020 2694 σωθήσονται,
1032 2609 1094 2675 νό-

78 2745 129 2800 133
137 2740 201 2799 μον
212 2727 365 2797 φανεῖται
374 2715 548 2797 τιθεμένης
563 2707 659 2796 ἔγωγ’
673 2708 772 2795 οἶμαι.
794 2704 838 2793 μή
850 2713 967 2774 τοίνυν
977 2705 1092 2792 ε’ἀσητε

138 2808 223 2895 ὑμᾶς
240 2810 362 2888 αῦτοῦς
378 2808 572 2896 ῦβριζεσθαι
590 2807 673 2895 μηδὲ
689 2804 750 2893 τὴν
766 2807 882 2891 πόλιν,
906 2801 989 2873 ἀλλά
1006 2831 1092 2890 μνη-

137 2909 273 2988 σθέντες
289 2908 341 2977 ὅτι
350 2907 512 2993 Εὔδημον
529 2907 589 2975 τόν
598 2911 823 2993 Κυδαθηναιᾶ
832 2904 937 2991 νόμον
950 2905 1091 2985 δόξαντα

135 3017 247 3077 θεῖναι
263 3006 325 3077 οῦκ
337 3007 538 3093 ἐπιτήδειον,
561 3002 603 3073 οῦ
618 3005 735 3091 πάλαι,
758 2999 833 3071 ἀλλ’
845 3000 896 3071 ἐπ’
909 3001 1091 3084 Εόάνδρου

136 3107 311 3195 ἀρχοντος,
333 3104 560 3190 ἀπεκτείνατε,
583 3107 637 3173 καὶ
659 3111 827 3172 Φίλιππον
846 3100 906 3170 τόν
923 3107 1091 3168 Φιλίππου

135 3215 197 3275 τοῦ
213 3206 406 3294 ναυκλήρου
423 3203 500 3272 υίδν
510 3212 633 3291 μικροῦ
642 3205 704 3289 μὲν
716 3197 942 3282 ἀπεκτείνατε,
963 3198 1091 3284 χρημα-

135 3329 202 3370 των
213 3306 250 3371 δέ
259 3310 393 3372 πολλῶν
404 3301 510 3371 αῦτοῦ
520 3307 649 3371 ἐκείνου
660 3298 922 3387 ἀντιτιμωμένου
932 3293 1005 3382 παρ’
1020 3293 1092 3365 όλίρ

136 3427 196 3487 ηας
213 3401 349 3488 ψήφους
360 3401 547 3489 ἐτιμήσατε,
570 3401 696 3487 ταύτην
710 3396 773 3486 τήν
782 3396 889 3484 ὀργήν
899 3397 956 3464 καὶ
967 3402 1033 3462 νῦν
1042 3393 1096 3458 ἐπὶ
