2370 3854
118 221 179 285 150
316 226 412 282 XXIII.
450 222 867 285 ΔΗΜΟΣΘΕΝΟΥΣ

117 390 286 471 τιμωρίαν.
319 391 389 451 τόν
406 385 441 450 δὲ
458 379 627 469 ἡμετέρων
642 382 704 468 μὲν
725 389 849 467 φίλων,
871 387 1004 452 ἐκείνου
1025 383 1115 471 δ’,ρχ

118 481 200 553 ὅταν
209 484 338 570 ἐγχειρῇ
348 509 378 549 τι
390 482 546 567 πράττειν
557 484 707 549 ἐναντίον
719 480 817 568 ὑμῖν,
829 485 979 571 ἐχθρῶν,
992 483 1074 552 τού-

117 608 186 650 των
203 581 247 651 ἀν
262 609 311 662 τις
329 591 378 668 εἴη
396 578 415 648 ὁ
431 590 529 648 τοῦτο
546 577 583 647 τό
596 581 751 667 ψήφισμα
764 584 926 667 φοβηθεὶς
936 585 992 650 καὶ
1004 609 1070 669 φυ-

117 681 298 768 λαξάμενος
309 679 353 768 μὴ
366 677 405 748 δι’
417 679 569 767 ἀνάγκην
578 678 659 766 ἡμῖν
670 686 715 759 είς
725 687 851 767 ἔχθραν
859 683 981 750 ἐλθεῖν.
1004 687 1074 750 ἔστι

116 788 233 848 τοίνυν
244 773 601 865 οὖτοςἈθοχυόδωρος,
618 787 753 866 Σίμων,
771 781 923 866 Βιάνωρ,
934 786 969 850 οί
979 781 1072 870 Θρά-

116 906 177 963 κης
186 886 348 967 βασιλεῖς,
370 876 470 955 ἀλλος
487 877 578 957 ὅστις
588 873 633 945 ἀν
644 884 690 958 είς
700 877 889 964 εὐεργεσίας
900 883 999 966 μέρος
1009 906 1073 947 κα-

116 982 281 1045 ταθέσθαι
305 976 461 1064 βούλοιτο
489 975 526 1044 τὸ
553 977 710 1063 πράττειν
734 975 917 1046 ὑπεναντία
942 982 1072 1046 ἐκεῖνον

116 1071 581 1163 ἐγχειροῦνθ’ρὺμῖνίπισχεῑν.
900 1150 908 1163 ⁶

77 1202 110 1255 ις
197 1165 260 1241 Ὧν
270 1174 331 1260 μὲν
342 1181 459 1242 τοίνυν
470 1173 557 1242 ἕνεκ’
569 1173 696 1260 ἐρρήθη
707 1173 744 1242 τό
759 1175 1005 1262 προβούλευμα,
1015 1180 1071 1244 ἵνα

117 1272 300 1359 κυρώσειεν
320 1269 338 1340 ὁ
361 1278 462 1359 δῆμος
484 1275 714 1359 ἐξαπατηθεὶς,
736 1276 792 1342 καὶ
808 1272 852 1341 δι’
871 1271 971 1361 ἀκὴν
987 1299 1072 1359 γρα-

118 1374 188 1461 φὴν
200 1372 425 1460 ἐποιησάμεθα
435 1371 527 1459 ἡμεῖς
539 1376 685 1459 ταυτηνὶ,
700 1375 901 1460 βουλόμενοι
910 1380 1069 1456 κωλῦσαι,

117 1470 206 1541 ταῦτ’
218 1474 317 1558 ἐστὶν,
341 1464 497 1555 ἀάυδρες
505 1470 683 1558 Ἀθηναῖοι.
707 1476 836 1540 δίκαιον
848 1469 879 1539 δ’
891 1473 981 1541 ἐστὶν
993 1482 1072 1549 ίσως

118 1572 173 1657 ἐμὲ
184 1568 413 1655 ὑπεσχημένον
423 1577 497 1655 τρία
508 1574 695 1656 ἐπιδείξειν,
718 1575 755 1638 ἓν
765 1571 827 1658 μὲν
838 1568 980 1653 ἀςπαρά
992 1572 1071 1649 τοὺς

117 1671 243 1757 νόμους
253 1671 290 1737 τδ
303 1668 458 1756 ψήφισμα
470 1679 612 1756 εἴρηται,
636 1671 794 1755 δεύτερον
811 1673 847 1738 δὲ
858 1667 903 1748 ἀς
913 1667 1071 1755 ἀσύμφο-

118 1771 180 1853 ρόν
199 1773 265 1838 ἐστι
281 1775 322 1856 τῇ
334 1768 445 1853 πόλει,
468 1775 579 1855 τρίτον
598 1767 632 1835 δ’
651 1765 696 1847 ἀς
717 1766 851 1847 ἀνάξιός
871 1770 939 1834 ε’στι
958 1781 1072 1853 τυχεῖν

118 1871 248 1936 τούτων
260 1859 288 1958 ᾦ
299 1873 489 1955 γέγραπται,
501 1868 637 1936 πάντων
648 1871 776 1952 αἵρεσιν
786 1864 864 1954 ὑμῖν
875 1872 995 1935 δοῦναι
1004 1879 1072 1943 τοῖς

119 1966 372 2052 ἀκουσομένοις,
385 1972 418 2033 τί
425 1975 558 2051 πρῶτον
568 1962 590 2052 ἦ
600 1973 633 2035 τί
641 1966 799 2054 δεύτερον
810 1961 832 2053 ἢ
842 1976 875 2035 τί
883 1974 1072 2035 τελευταῖον

79 2080 112 2133 19
118 2063 475 2154 βουλομένοιςάκοόειν
485 2064 566 2153 ὑμῖν
573 2070 669 2134 ἐστίν.
688 2065 708 2134 ό
716 2093 746 2134 τι
755 2065 796 2153 δὴ
804 2067 982 2155 βούλεσθε,
990 2063 1073 2153 δρᾶ-

119 2192 164 2254 τε,
175 2169 231 2233 ἵνα
242 2173 340 2234 τοῦτο
354 2171 438 2252 λέγω
450 2174 585 2251 πρῶτον
597 2164 686 2252 ὑμῖν.
717 2171 792 2254 περὶ
803 2175 864 2235 τοῦ
874 2163 1072 2253 παρανόμου

118 2262 285 2354 βούλεσθε
295 2273 445 2351 πρώτους
457 2274 556 2336 τοῦτο
566 2273 682 2336 τοίνυν
694 2269 844 2353 ἐροῦμεν.
867 2263 889 2333 ἀ
904 2266 944 2351 δὴ
957 2268 1074 2350 δέομαί

119 2392 154 2432 τε
166 2367 220 2432 καὶ
231 2362 310 2444 ἀξιῶ
322 2366 411 2450 παρὰ
423 2366 559 2434 πάντων
571 2364 667 2453 ὑμῶν
678 2381 805 2452 τυχεῖν,
828 2371 953 2449 δίκαια,
977 2361 1021 2443 σός
1039 2359 1071 2449 γ’

120 2462 265 2548 ἐμαυτὸν
276 2469 399 2530 πείθω·
419 2468 532 2549 μηδεὶς
542 2462 654 2550 ὑμῶν,
667 2458 1015 2551 ἀάνδρεςἉθηυαῖοι,
1026 2469 1074 2551 τῷ

121 2565 320 2641 διεψεῦσθαι
331 2569 392 2628 τοῦ
403 2563 599 2649 Χαριδήμου
609 2565 665 2631 καὶ
676 2568 820 2649 νομίζειν
832 2560 1009 2650 εὐεργέτην
1026 2560 1075 2629 εἷ-

120 2687 177 2728 ναι
193 2668 394 2745 φιλονεικῶν
412 2665 668 2748 δυσχερέστερον
682 2660 761 2741 τούς
778 2664 938 2748 περὶτῶν
958 2660 1074 2746 νόμων

121 2757 242 2842 λόγους
253 2755 383 2845 ἀκούσῃ
393 2785 476 2846 μου,
498 2758 575 2847 μηδ’
590 2759 799 2850 ἀποστερήσῃ
810 2760 864 2829 διά
875 2769 975 2830 τοῦτο
986 2759 1072 2847 μήθ’

121 2857 242 2925 ἑαυτὸν
258 2865 320 2923 τοῦ
336 2859 462 2926 θέσθαι
477 2858 540 2947 τὴν
557 2870 673 2948 ψῆφον
690 2861 833 2947 εάορκον
849 2856 926 2946 μήτ’
944 2858 1075 2945 ἐμδτοιῖ

122 2954 250 3034 διδάξαι
260 2959 335 3041 περὶ
346 2957 481 3026 πάντων
492 2957 579 3047 ὑμᾶς
590 2959 635 3040 ἀς
644 2961 822 3048 βούλομαι,
836 2957 919 3028 ἀλλά
932 2957 1073 3045 ποιησά-

122 3065 196 3123 σθω
214 3053 277 3142 τήν
294 3054 456 3143 ἀκρόασιν
469 3056 544 3127 ὡδί·
563 3062 618 3128 καί
629 3070 808 3128 σκοπεῖσθε
820 3058 866 3139 αἱς
877 3065 987 3129 δίκαια
997 3062 1116 3144 ἐριδδῖ

79 3152 274 3239 λθότανμὲν
285 3159 369 3242 λέγω
380 3160 533 3244 περὶτῶν
543 3159 675 3245 νόμων,
693 3157 904 3250 ἀφελώνότῳ
917 3158 954 3228 τδ
965 3159 1074 3244 ψήφι-

120 3275 186 3338 σμα
203 3263 328 3340 εῖρχται
344 3258 400 3324 καὶ
415 3263 498 3346 ποίῳ
515 3260 594 3342 τινὶ,
618 3265 808 3327 σκοπείσθω
827 3260 971 3344 πότερον
982 3254 1073 3344 παρά

119 3351 199 3430 τοὺς
218 3353 343 3445 νόμους
358 3352 381 3441 ἢ
398 3355 473 3423 κατ’
490 3354 613 3434 αὐτοὺς
628 3366 770 3446 εἴρηται,
792 3361 848 3428 καὶ
859 3358 964 3446 μηδὲν
974 3358 1072 3427 ἀλλο·

119 3447 245 3519 ὅτανδ’
258 3453 428 3540 ἑλίγχωτά
440 3459 654 3544 πεπραγμένα
670 3460 724 3527 καί
743 3463 850 3540 διεξίω
868 3456 928 3526 τόν
944 3459 1073 3542 τρόπον
