2370 3854
366 226 505 287 ΠΡΟ
482 226 508 265 ‘²
525 224 812 286 AAKPITON.
1001 226 1066 290 410

110 385 306 506 συγγραφὰς
327 384 384 465 τὰς
400 383 558 463 ναυτικάς
575 383 721 470 ἀκύρους
738 394 817 472 ποιῇ
834 389 889 454 καλ
905 387 1063 476 καταλύῃ,

109 483 210 553 καί
173 512 213 553 τα
224 511 373 571 χρηματα
380 511 421 551 τα
430 481 511 568 παρ’
522 480 618 571 ἡμῶν
628 475 795 569 είςΧίονῇ
807 483 1061 570 διαπεσταλκώς,

108 591 178 663 πῶς
189 581 252 650 οὐκ
264 580 396 650 ύδικεῐ’
379 609 397 651 ο
409 591 560 660 τοιοῦτος
569 581 750 667 ἅνθρωπος
760 578 846 649 καὶ’
826 589 929 667 νμιῖςς

64 697 98 747 55
189 679 276 767 Ἐμοί
286 672 403 766 μὲν
360 705 425 748 ουν
436 683 535 763 ἐστιν,
549 706 577 746 ω
564 672 707 764 ἄνδρες
718 683 877 763 δικασταί,
888 678 971 767 πρὸς
981 680 1060 747 τού-

107 804 185 857 τους
198 776 215 844 ὁ
230 777 344 863 λόγος·
363 778 494 856 τούτοις
503 776 568 864 γᾶρ
581 781 689 846 ἔδωκα
700 777 739 845 τὰ
751 779 908 865 χρήματα.
932 778 1062 855 τούτοις

107 876 139 945 δ’
159 883 250 945 ἔσται
267 873 351 963 πρὸς
368 875 429 944 τόν
446 877 638 962 ναύκληρον
650 874 849 945 ἐκεῖνοντὸν
861 882 1060 961 Φασηλίτην,

106 974 167 1043 τὸν
185 981 323 1061 πολίτην
341 974 401 1042 τὸν
418 971 547 1060 αὐτῶν,
571 967 693 1065 ιμ’φασὶ
705 980 852 1043 δανεῖσαι
862 974 902 1041 τὰ
913 973 1062 1061 χρήματα

107 1072 190 1141 ἄνευ
200 1071 297 1160 ἡμῶν
307 1073 397 1156 παρὰ
405 1069 467 1158 τὴν
478 1073 692 1158 συγγραφήν·
705 1073 784 1142 οὐδὲ
792 1073 856 1158 γὰρ
866 1069 959 1159 ἡμεῖς
967 1081 1063 1159 ίσμεν

91 1241 95 1245 ,
106 1180 181 1239 τίνα
199 1174 267 1241 ἐστὶ
276 1170 317 1240 τά
328 1172 542 1258 πεπραγμένα
553 1170 682 1247 τούτοις
693 1171 777 1257 πρὸς
787 1170 848 1237 τόν
860 1171 988 1237 ἑαυτῶν
1000 1193 1063 1236 πο-

64 1266 294 1356 56λίτηυ,ιἰλλ’
307 1266 401 1334 αύτολ
412 1259 505 1333 ούτοι
515 1276 633 1333 ίσασιν.
653 1275 757 1333 ταῦτα
765 1263 941 1351 ἡγούμεθα
952 1270 1061 1333 δίκαια

108 1367 209 1453 εἶναι,
221 1369 276 1434 καί
286 1363 383 1451 ὑμῶν
394 1364 556 1449 δεόμεθα,
571 1356 598 1431 ὦ
610 1362 730 1451 ἅνδρες
742 1366 907 1450 δικασταὶ,
920 1371 1060 1449 βοηθεῖν

105 1463 186 1554 ἡμῖν
194 1462 505 1549 τοίςάδικουμένοις,
513 1463 568 1530 καὶ
576 1463 726 1543 κολάζειν
734 1461 1060 1545 τούςκαιιοτεχνοῦν-

106 1591 164 1643 τας
181 1565 235 1630 καλ
253 1563 507 1647 σοφιζομένους,
530 1559 640 1645 ῶσπερ
659 1554 752 1628 ούτοι
774 1564 972 1645 σοφίζονται.
1004 1560 1059 1626 καὶ

107 1665 167 1732 ἐὰν
183 1669 287 1729 ταῦτα
298 1668 429 1747 ποιῆτε,
451 1654 531 1746 ὑμῖν
541 1685 576 1727 τε
588 1656 701 1739 αύτοίς
710 1657 750 1728 τὰ
762 1659 976 1745 συμφέροντα
987 1661 1060 1722 ἔσε-

107 1770 171 1828 σθε
194 1762 429 1847 ἐψηφισμένοι,
454 1760 509 1826 καί
530 1757 787 1844 περιαιρήσεσθε
809 1762 877 1825 τῶν
902 1761 1059 1839 πονηρῶν

106 1856 298 1944 ἀνθρώπων
314 1857 374 1937 τὰς
383 1861 587 1944 πανουργίας
597 1853 742 1943 ἁπάσας,
766 1853 804 1934 ἃς
816 1860 897 1923 ἔνιοι
909 1878 1059 1939 πανουρ-
1067 1871 1119 1929 943

105 1963 203 2042 γυῠσι
214 1953 338 2043 περὶτὰ
353 1955 539 2042 συμβόλαια
551 1953 591 2022 τὰ
603 1956 754 2023 ναυτικά.

520 2247 640 2301 XXXVI.

191 2390 476 2461 ΠΑΡΑΓΡΑΦΗ
505 2394 639 2462 ΥΠΕΡ
666 2394 961 2466 ΦΟΡΜΙΩΝΟΣ.

437 2557 731 2617 mooun..

107 2666 208 2748 Π
158 2682 208 2742 ασ
207 2705 249 2742 ων
259 2704 275 2743 ο
263 2676 452 2786 ’τραπεζίτης
463 2687 601 2744 τελευτῶν
612 2680 659 2742 ἐπὶ
671 2676 724 2742 δύο
734 2680 836 2741 παισὶν
850 2680 879 2756 ἐξ
887 2674 1053 2782 Ἀρχίππης,

100 2758 310 2850 Ἀπολλοδύρω
322 2789 372 2825 και
358 2763 541 2863 Πασικλεῖ,
563 2767 722 2867 Φορμίωνα
733 2764 872 2843 οἰκέτην
858 2769 963 2827 εαυτού
972 2763 1055 2846 γενό-

104 2870 206 2929 μενον,
229 2843 401 2928 τετυχηκότα
419 2847 451 2910 δὲ
472 2849 513 2911 ἔτι
534 2844 674 2955 πρότερον
695 2848 876 2931 ἐλευθερίας,
900 2848 1055 2952 ἐπίτροπον

104 2954 155 2993 του
142 2933 307 3031 νεωτέρου
318 2937 377 2993 τῶν
387 2933 502 2994 παίδων
512 2932 697 3006 Πασικλέους
706 2931 854 3010 κατέλιπε,
872 2927 964 2993 καὶ
932 2956 988 3013 την
998 2958 1053 3013 μη-

103 3007 220 3096 τέρα’
183 3020 297 3115 αυτῶν,
312 3009 467 3114 παλλακην
480 3016 584 3078 ἑαυτοῦ
593 3015 761 3118 γενομένην,
773 3016 882 3076 ἔδωκεν
893 3014 941 3076 ἐπὶ
952 3016 1053 3116 προικὶ

103 3106 239 3198 γυναῖκα.
269 3089 539 3198 Ἀπολλόδωρος
503 3122 558 3161 ουν
573 3099 688 3178 νέμεται
703 3093 776 3204 πρὸς
792 3089 843 3158 τὸν
859 3089 1030 3175 ιἰδελφδν
999 3121 1053 3179 την

103 3177 244 3279 πατρῴαν
260 3173 364 3243 ούσίαν
380 3175 458 3263 πλὴν
473 3206 524 3262 της
535 3183 692 3282 τραπέζης
686 3181 736 3243 καὶ
746 3204 797 3243 του
784 3172 1051 3285 ἀσπιδοπηγείου·

104 3272 195 3328 ταῦτα
206 3258 263 3366 γὰρ
277 3267 416 3366 Φορμίων
427 3265 606 3345 ἐμεμίσθωτο
615 3290 695 3362 παρα
684 3259 863 3337 Πασίωνος
874 3266 916 3366 εἰς
931 3260 1053 3363 ὡρισμέ-

105 3372 158 3411 νον
170 3343 276 3448 χρόνον
287 3343 361 3408 τινύ
385 3348 476 3409 καὶ
444 3371 514 3422 τεως
524 3348 599 3428 μὲνέ
584 3341 767 3456 λάμβανε
739 3370 772 3409 το
780 3341 871 3428 ημισν
880 3370 931 3427 της
938 3341 1053 3427 μισθω

106 3449 176 3506 σεως
194 3426 379 3514 ἑκάτερος,
367 3427 487 3514 ύστερον
500 3431 593 3494 δὲκαὶ
605 3456 680 3494 αντα
668 3426 827 3512 νέμονται
831 3474 848 3574 ἒ
851 3430 915 3578 7ιιῂαλ
925 3432 1053 3512 γίγνετιι
