2370 3854
315 208 456 268 ΠΡΟΣ
474 207 833 268 ΑΠΑΤΟΤΡΙΟΝ.
987 205 1052 270 379

100 365 172 434 κατ’
193 365 295 455 ἀρχάς
311 366 557 455 κεκρυμμένου,
579 366 787 452 ἐπιβουλεύει
802 365 918 436 οὑτοσὶ
928 367 1007 446 τούς
1016 392 1052 434 τε

101 469 218 545 παῖδας
234 467 398 552 ἐκπέμψαι
405 463 594 550 Ἀθήνηθεν
605 465 660 532 καὶ
669 463 732 551 τήν
743 473 830 532 ναῦν
840 469 1006 552 ἐξορμίσαι
1015 470 1053 534 ἐκ

100 573 162 632 τοῦ
178 569 317 651 λιμένος.
350 562 436 630 ὅθεν
446 563 515 649 ἐμοὶ
526 560 610 646 πρὸς
619 554 771 648 τοῦτὸυή
783 562 895 650 πρύτη
908 563 1053 648 διαφορά

100 664 237 748 ἐγένετο.
260 660 460 746 αἰσθόμενος
471 659 535 746 γάρ
547 657 758 747 ὁΠαρμένων
769 663 975 748 ἐξαγομένων
985 669 1054 729 τοῖν

100 764 229 828 παίδων
247 758 502 845 ἐπιλαμβάνεται
512 761 568 826 καί
578 757 640 844 τήν
650 766 739 826 ναῦν
749 760 979 828 κατεκώλυσεν
991 759 1055 827 αύ-

100 857 161 927 τδυ
172 861 366 942 ἐξορμίζειν,
387 859 442 925 καὶ
452 857 747 944 μεταπεμψάμενος
756 857 811 944 ἐμὲ
821 860 908 943 λέγει
916 857 953 924 τδ
967 864 1055 945 πρᾶ-

55 981 175 1042 ιογμα.
215 953 260 1035 ἀς
271 954 302 1023 δ’
318 954 447 1043 ήκουσα
454 1007 464 1042 ,
486 964 608 1024 τοῦτον
618 956 679 1043 μὲν
690 954 915 1025 ἀνοσιώτατον
925 952 1055 1042 ἡγησά-

99 1081 165 1140 μην
176 1053 316 1144 εἶναιτῷ
326 1056 564 1143 ἐπιχειρήματι,
583 1056 796 1142 ἐσκοπούμην
807 1057 842 1124 δὲ
854 1055 944 1134 ὅπως
955 1052 1055 1132 αῦτός

98 1179 133 1220 τε
145 1151 401 1241 ἀπολυθήσομαι
411 1162 468 1240 τῆς
479 1152 599 1239 ἐγγύης
609 1161 667 1237 τῆς
677 1156 728 1221 ἐπὶ
739 1151 801 1237 τήν
817 1152 982 1236 τράπεζαν
998 1155 1052 1221 καὶ

99 1248 117 1317 ὁ
135 1256 227 1331 ξένος
242 1253 287 1337 μή
305 1250 424 1318 ἀπολεῖ
438 1248 514 1316 δδί
527 1253 610 1335 ἐμοῦ
621 1248 728 1336 τούτῳ
739 1249 915 1317 ἐδάνεισεν.
951 1277 1054 1317 κατα-

99 1349 220 1433 στήσας
236 1351 272 1415 δὲ
288 1347 440 1432 φύλακας
454 1354 511 1432 τής
528 1347 612 1425 νεώς
628 1347 833 1434 διηγησάμην
848 1362 916 1426 τοῖς
933 1351 1055 1435 ἐγγυη-

98 1459 167 1522 ταῖς
177 1452 235 1530 τῆς
244 1449 402 1531 τραπέζης
412 1445 474 1532 τήν
484 1449 605 1528 πρᾶξιν
610 1495 620 1530 ,
638 1449 693 1514 καὶ
705 1449 880 1530 παρέδωκα
890 1443 927 1515 τδ
941 1449 1055 1531 ἐυέχυ-

99 1566 175 1626 ρον,
197 1542 301 1609 είποδυ
316 1540 428 1621 αὐτοῖς
444 1541 495 1611 ὅτι
512 1545 591 1612 δέκα
608 1557 692 1630 μναῖ
703 1547 856 1631 ἐνείησαν
866 1553 914 1634 τῷ
924 1547 1006 1634 ξένμ
1017 1546 1055 1611 ἐν

98 1646 137 1726 τῇ
148 1646 213 1725 νηί.
246 1646 351 1707 ταῦτα
362 1639 398 1707 δέ
411 1641 536 1725 πράξας
547 1640 759 1728 κατηγγύησα
769 1641 849 1721 τούς
859 1647 993 1728 παῖδας,
1005 1641 1052 1709 ἵν’

99 1747 132 1805 εί
143 1763 192 1816 τις
207 1741 316 1805 ἔνδεια
333 1744 496 1825 γίγνοιτο,
518 1739 558 1806 τά
576 1744 767 1808 ἐλλείποντα
786 1743 822 1808 ἐκ
839 1749 908 1808 τῶν
924 1744 1055 1808 παίδων

56 1846 157 1923 ιῖείη.
197 1840 252 1904 καὶ
272 1836 335 1921 ἐγω
357 1838 420 1923 μὲν
440 1835 551 1924 ἐπειδή
574 1843 696 1926 ἔλαβον
718 1846 839 1907 τοῦτον
860 1836 1052 1925 ἀδικοῦντα,

97 1935 345 2022 διωρθωσάμην
355 1932 439 2020 ὑπὲρ
450 1939 597 2022 ἐμαυτοῦ
607 1939 732 2006 καὶτοῦ
743 1940 856 2018 ξένου·
869 1935 886 2007 ὁ
900 1936 930 2005 δ’
943 1935 1054 2020 ὥσπερ

96 2031 324 2120 ἀδικούμενος,
334 2032 402 2102 ἀλλ’
416 2034 478 2103 ούκ
488 2034 614 2104 ἀδικοῦν
625 2037 788 2122 ἐμέμφετό
799 2064 866 2123 μοι,
877 2039 931 2105 καὶ
941 2035 1055 2123 ήροίτα

98 2136 128 2198 εί
142 2130 204 2217 ούχ
220 2133 339 2200 ίκανόν
350 2158 406 2219 μοι
415 2142 465 2218 είη
476 2132 568 2222 αῦτρῖ
579 2133 792 2219 ἀπολυθῆναι
800 2143 861 2218 τῆς
868 2134 987 2218 ἐγγύης
997 2140 1056 2219 τῆς

97 2227 180 2313 πρδς
193 2229 255 2315 τήν
270 2229 449 2313 τράπεζαν,
471 2227 555 2295 ἀλλά
571 2233 627 2296 καῖ
643 2226 727 2311 ὑπὲρ
746 2237 808 2297 τοῦ
819 2228 981 2313 ἀργυρίου
993 2238 1055 2296 τοῦ

96 2331 330 2412 Παρμένοντος
340 2323 404 2411 τήν
414 2335 502 2393 ναῦν
513 2333 683 2411 κατεγγυῶ
696 2329 752 2393 καί
761 2325 841 2404 τούς
852 2331 987 2413 παῖδας,
999 2329 1055 2394 καί

60 2442 89 2493 ιν
98 2424 182 2510 ὑπὲρ
194 2423 380 2508 ἀνθρύπου
391 2423 541 2510 φυγάδος
552 2422 805 2510 ἀπεχθανοίμην
815 2421 913 2515 αύτῷ.
943 2423 1114 2510 ἐγάδὲεοσ

97 2523 159 2592 τὸν
169 2521 367 2592 πιστεύοντα
378 2526 510 2610 ἐμαυτῷ
520 2524 668 2614 τοσούτῳ
681 2528 768 2610 ἐφηυ
777 2515 878 2609 ήττον
889 2522 932 2592 ἀν
946 2549 1053 2607 περιι-

99 2629 183 2712 δεῖν,
208 2622 278 2716 ὅσω
295 2621 407 2711 φυγάς
418 2617 467 2690 ἀν
477 2624 533 2691 καὶ
544 2620 675 2708 ἀτυχῶν
687 2619 830 2710 ἠδικεῖτο
843 2618 908 2689 ῦπδ
922 2623 1051 2690 τούτου.

98 2723 204 2792 πάντα
211 2722 247 2792 δέ
255 2724 456 2813 ποιήσαςκαλ
466 2729 630 2802 είςπῦσαυ
637 2719 820 2807 ἀπέχθειαν
827 2719 934 2809 τούτῳ
943 2719 1055 2787 ἐλθιδν

98 2820 190 2906 μόλις
201 2824 376 2907 είσέπραξα
387 2823 424 2890 τδ
437 2820 616 2909 ἀργύριον,
628 2827 811 2908 πραθείσης
821 2829 879 2907 τῆς
889 2818 972 2900 νεώς
982 2845 1055 2888 τετ-

97 2919 284 3003 ταράκοντα
293 2930 400 3007 μναῖν,
410 2919 556 3004 ὅσουπερ
567 2916 588 3006 ἡ
598 2920 691 2998 θέσις
701 2912 753 3006 ήν.
775 2916 1009 2987 ἀποδοθεισῶν
1019 2918 1055 2985 δὲ

97 3026 167 3084 τῶν
183 3016 361 3100 τριάκοντα
378 3025 474 3104 μνῶν
490 3020 542 3086 ἐπὶ
559 3017 621 3103 τήν
637 3017 800 3101 τράπεζαν
817 3018 957 3083 καὶτῶν
975 3016 1055 3079 δέκα

99 3122 194 3202 μυῶν
204 3122 251 3204 τῷ
260 3119 486 3202 Παρμένοντι,
497 3119 651 3184 ἐναντίου
661 3122 796 3183 πολλῦν
807 3110 987 3200 μαρτύρων
997 3109 1055 3187 τάς

98 3240 134 3281 τε
145 3211 341 3298 συγγραφὰς
350 3211 570 3301 ἀνειλόμεθα,
589 3211 669 3281 καθ’
683 3210 723 3291 δίς
733 3214 909 3296 ἐδανείσθη
921 3205 962 3276 τά
972 3206 1056 3293 χρή-

99 3339 200 3398 ματα,
223 3314 363 3379 καὶτῶν
380 3311 667 3399 συναλλαγμάτων
683 3308 823 3396 ἀφεῖμεν
839 3309 895 3375 καὶ
905 3304 1056 3392 ἀπηλλά-

99 3415 201 3500 ξαμεν
218 3409 398 3498 ἀλλήλους,
420 3409 504 3480 ἀστε
522 3410 603 3499 μήτε
614 3410 721 3496 τούτω
732 3406 815 3490 πρὸς
826 3403 881 3490 ἐμέ
893 3401 969 3492 μήτ’
984 3405 1056 3490 ἐμοὶ
