<?xml version="1.0" encoding="UTF-8"?>
<!DOCTYPE html PUBLIC "-//W3C//DTD XHTML 1.0 Transitional//EN"
    "http://www.w3.org/TR/xhtml1/DTD/xhtml1-transitional.dtd">
<html xmlns="http://www.w3.org/1999/xhtml" xml:lang="en" lang="en">
 <head>
  <title>
</title>
<meta http-equiv="Content-Type" content="text/html;charset=utf-8" />
  <meta name='ocr-system' content='tesseract 3.04.00' />
  <meta name='ocr-capabilities' content='ocr_page ocr_carea ocr_par ocr_line ocrx_word'/>
</head>
<body>
  <div class='ocr_page' id='page_1' title='image "./orationesexrece01demogoog_0224.png"; bbox 0 0 2370 3854; ppageno 0'>
   <div class='ocr_carea' id='block_1_1' title="bbox 292 224 1049 291">
    <p class='ocr_par' dir='ltr' id='par_1_1' title="bbox 292 224 1049 291">
     <span class='ocr_line' id='line_1_1' title="bbox 292 224 1049 291; baseline 0.009 -7"><span class='ocrx_word' id='word_1_1' title='bbox 292 224 435 285; x_wconf 85' lang='grc' dir='ltr'><em>ΚΑΤΑ</em></span> <span class='ocrx_word' id='word_1_2' title='bbox 458 225 857 291; x_wconf 75' lang='grc' dir='ltr'><em>ΤΙΜΟΚΡΑΤΟῬΣ.</em></span> <span class='ocrx_word' id='word_1_3' title='bbox 989 231 1049 291; x_wconf 75' lang='lat'><strong><em>215</em></strong></span> 
     </span>
    </p>
   </div>
   <div class='ocr_carea' id='block_1_2' title="bbox 50 380 1169 3333">
    <p class='ocr_par' dir='ltr' id='par_1_2' title="bbox 50 380 1169 3333">
     <span class='ocr_line' id='line_1_2' title="bbox 94 380 1050 478; baseline 0.007 -26"><span class='ocrx_word' id='word_1_4' title='bbox 94 382 191 463; x_wconf 86' lang='grc' dir='ltr'><strong><em>ὅντος</em></strong></span> <span class='ocrx_word' id='word_1_5' title='bbox 207 380 514 474; x_wconf 61' lang='grc' dir='ltr'><strong><em>άμφισβητησίμουχ</em></strong></span> <span class='ocrx_word' id='word_1_6' title='bbox 536 383 620 454; x_wconf 86' lang='grc' dir='ltr'><strong><em>άλλά</em></strong></span> <span class='ocrx_word' id='word_1_7' title='bbox 641 388 846 475; x_wconf 75' lang='grc' dir='ltr'><strong><em>πρῶτονμὲν</em></strong></span> <span class='ocrx_word' id='word_1_8' title='bbox 857 399 915 476; x_wconf 83' lang='grc' dir='ltr'><strong><em>τῆς</em></strong></span> <span class='ocrx_word' id='word_1_9' title='bbox 925 398 1050 478; x_wconf 84' lang='grc' dir='ltr'><strong><em>βουλῆς</em></strong></span> 
     </span>
     <span class='ocr_line' id='line_1_3' title="bbox 94 482 1048 574; baseline 0.005 -24"><span class='ocrx_word' id='word_1_10' title='bbox 94 489 354 569; x_wconf 79' lang='grc' dir='ltr'><strong><em>κατεγνωκυίας,</em></strong></span> <span class='ocrx_word' id='word_1_11' title='bbox 377 483 446 551; x_wconf 75' lang='grc' dir='ltr'><strong><em>εἶτα</em></strong></span> <span class='ocrx_word' id='word_1_12' title='bbox 462 490 523 552; x_wconf 85' lang='grc' dir='ltr'><strong><em>τοῦ</em></strong></span> <span class='ocrx_word' id='word_1_13' title='bbox 544 482 652 570; x_wconf 88' lang='grc' dir='ltr'><strong><em>δήμου</em></strong></span> <span class='ocrx_word' id='word_1_14' title='bbox 668 490 748 570; x_wconf 86' lang='grc' dir='ltr'><strong><em>μίαν</em></strong></span> <span class='ocrx_word' id='word_1_15' title='bbox 764 483 891 572; x_wconf 80' lang='grc' dir='ltr'><strong><em>ἡμέραν</em></strong></span> <span class='ocrx_word' id='word_1_16' title='bbox 902 485 986 574; x_wconf 87' lang='grc' dir='ltr'><strong><em>ὅλην</em></strong></span> <span class='ocrx_word' id='word_1_17' title='bbox 998 493 1048 555; x_wconf 82' lang='grc' dir='ltr'><strong><em>ἐπὶ</em></strong></span> 
     </span>
     <span class='ocr_line' id='line_1_4' title="bbox 92 578 1049 672; baseline 0.004 -25"><span class='ocrx_word' id='word_1_18' title='bbox 92 579 222 660; x_wconf 78' lang='grc' dir='ltr'><strong><em>τούτοις</em></strong></span> <span class='ocrx_word' id='word_1_19' title='bbox 232 578 598 665; x_wconf 83' lang='grc' dir='ltr'><strong><em>αύτοῖςάυαλύσαντος,</em></strong></span> <span class='ocrx_word' id='word_1_20' title='bbox 610 579 694 667; x_wconf 88' lang='grc' dir='ltr'><strong><em>πρδς</em></strong></span> <span class='ocrx_word' id='word_1_21' title='bbox 706 582 741 650; x_wconf 74' lang='grc' dir='ltr'><strong><em>δὲ</em></strong></span> <span class='ocrx_word' id='word_1_22' title='bbox 751 583 881 662; x_wconf 80' lang='grc' dir='ltr'><strong><em>τούτοις</em></strong></span> <span class='ocrx_word' id='word_1_23' title='bbox 892 588 1049 672; x_wconf 87' lang='grc' dir='ltr'><strong><em>δικαστη-</em></strong></span> 
     </span>
     <span class='ocr_line' id='line_1_5' title="bbox 93 680 1048 770; baseline 0.004 -24"><span class='ocrx_word' id='word_1_24' title='bbox 93 684 181 766; x_wconf 90' lang='grc' dir='ltr'><strong><em>ρίοιν</em></strong></span> <span class='ocrx_word' id='word_1_25' title='bbox 199 685 295 748; x_wconf 84' lang='grc' dir='ltr'><strong><em>δυοῖν</em></strong></span> <span class='ocrx_word' id='word_1_26' title='bbox 307 685 353 759; x_wconf 83' lang='grc' dir='ltr'><strong><em>είς</em></strong></span> <span class='ocrx_word' id='word_1_27' title='bbox 364 680 424 748; x_wconf 78' lang='grc' dir='ltr'><strong><em>ἕνα</em></strong></span> <span class='ocrx_word' id='word_1_28' title='bbox 434 683 489 748; x_wconf 82' lang='grc' dir='ltr'><strong><em>καὶ</em></strong></span> <span class='ocrx_word' id='word_1_29' title='bbox 498 687 623 765; x_wconf 83' lang='grc' dir='ltr'><strong><em>χιλίους</em></strong></span> <span class='ocrx_word' id='word_1_30' title='bbox 634 683 884 768; x_wconf 78' lang='grc' dir='ltr'><strong><em>ἐψηφισμένων,</em></strong></span> <span class='ocrx_word' id='word_1_31' title='bbox 908 682 1048 770; x_wconf 80' lang='grc' dir='ltr'><strong><em>ἐνούσης</em></strong></span> 
     </span>
     <span class='ocr_line' id='line_1_6' title="bbox 93 774 1050 867; baseline 0.004 -23"><span class='ocrx_word' id='word_1_32' title='bbox 93 777 129 845; x_wconf 75' lang='grc' dir='ltr'><strong><em>δὲ</em></strong></span> <span class='ocrx_word' id='word_1_33' title='bbox 146 774 303 864; x_wconf 73' lang='grc' dir='ltr'><strong><em>οὐδεμιᾶς</em></strong></span> <span class='ocrx_word' id='word_1_34' title='bbox 319 775 364 845; x_wconf 78' lang='grc' dir='ltr'><strong><em>ἔτ’</em></strong></span> <span class='ocrx_word' id='word_1_35' title='bbox 384 776 597 866; x_wconf 84' lang='grc' dir='ltr'><strong><em>άποστροφής</em></strong></span> <span class='ocrx_word' id='word_1_36' title='bbox 612 787 674 846; x_wconf 82' lang='grc' dir='ltr'><strong><em>τοῦ</em></strong></span> <span class='ocrx_word' id='word_1_37' title='bbox 690 776 734 866; x_wconf 86' lang='grc' dir='ltr'><strong><em>μή</em></strong></span> <span class='ocrx_word' id='word_1_38' title='bbox 753 775 794 846; x_wconf 87' lang='grc' dir='ltr'><strong><em>τά</em></strong></span> <span class='ocrx_word' id='word_1_39' title='bbox 810 777 952 866; x_wconf 89' lang='grc' dir='ltr'><strong><em>χρήματ’</em></strong></span> <span class='ocrx_word' id='word_1_40' title='bbox 964 785 1050 867; x_wconf 81' lang='grc' dir='ltr'><strong><em>ἔχειν</em></strong></span> 
     </span>
     <span class='ocr_line' id='line_1_7' title="bbox 92 872 1050 964; baseline 0.004 -23"><span class='ocrx_word' id='word_1_41' title='bbox 92 872 196 961; x_wconf 81' lang='grc' dir='ltr'><strong><em>ὑμᾶς,</em></strong></span> <span class='ocrx_word' id='word_1_42' title='bbox 222 873 428 964; x_wconf 75' lang='grc' dir='ltr'><strong><em>Τιμοκράτης</em></strong></span> <span class='ocrx_word' id='word_1_43' title='bbox 445 873 559 944; x_wconf 82' lang='grc' dir='ltr'><strong><em>οὑτοσί</em></strong></span> <span class='ocrx_word' id='word_1_44' title='bbox 574 875 716 945; x_wconf 78' lang='grc' dir='ltr'><strong><em>τοσοῦθ’</em></strong></span> <span class='ocrx_word' id='word_1_45' title='bbox 734 873 908 963; x_wconf 79' lang='grc' dir='ltr'><strong><em>ὑπερεῖδεν</em></strong></span> <span class='ocrx_word' id='word_1_46' title='bbox 919 877 1050 945; x_wconf 82' lang='grc' dir='ltr'><strong><em>ἅπαντα</em></strong></span> 
     </span>
     <span class='ocr_line' id='line_1_8' title="bbox 92 969 1133 1062; baseline 0.004 -22"><span class='ocrx_word' id='word_1_47' title='bbox 92 975 133 1041; x_wconf 86' lang='grc' dir='ltr'><strong><em>τά</em></strong></span> <span class='ocrx_word' id='word_1_48' title='bbox 144 975 320 1062; x_wconf 79' lang='grc' dir='ltr'><strong><em>πράγματα</em></strong></span> <span class='ocrx_word' id='word_1_49' title='bbox 338 974 422 1043; x_wconf 72' lang='grc' dir='ltr'><strong><em>ὥστε</em></strong></span> <span class='ocrx_word' id='word_1_50' title='bbox 438 981 551 1062; x_wconf 87' lang='grc' dir='ltr'><strong><em>τίθησι</em></strong></span> <span class='ocrx_word' id='word_1_51' title='bbox 567 979 701 1044; x_wconf 81' lang='grc' dir='ltr'><strong><em>τουτονὶ</em></strong></span> <span class='ocrx_word' id='word_1_52' title='bbox 717 974 777 1044; x_wconf 87' lang='grc' dir='ltr'><strong><em>τδν</em></strong></span> <span class='ocrx_word' id='word_1_53' title='bbox 794 977 919 1062; x_wconf 86' lang='grc' dir='ltr'><strong><em>νόμον,</em></strong></span> <span class='ocrx_word' id='word_1_54' title='bbox 942 974 988 1044; x_wconf 84' lang='grc' dir='ltr'><strong><em>δι’</em></strong></span> <span class='ocrx_word' id='word_1_55' title='bbox 1008 969 1064 1044; x_wconf 84' lang='grc' dir='ltr'><strong><em>οὗΙ</em></strong></span> <span class='ocrx_word' id='word_1_56' title='bbox 1130 1006 1133 1013; x_wconf 73' lang='grc'><strong>’</strong></span> 
     </span>
     <span class='ocr_line' id='line_1_9' title="bbox 92 1073 1111 1162; baseline 0.004 -23"><span class='ocrx_word' id='word_1_57' title='bbox 92 1080 162 1141; x_wconf 67' lang='grc' dir='ltr'><strong><em>τοῦν</em></strong></span> <span class='ocrx_word' id='word_1_58' title='bbox 184 1077 285 1155; x_wconf 79' lang='grc' dir='ltr'><strong><em>ἱερῶν</em></strong></span> <span class='ocrx_word' id='word_1_59' title='bbox 300 1077 362 1160; x_wconf 77' lang='grc' dir='ltr'><strong><em>μὲν</em></strong></span> <span class='ocrx_word' id='word_1_60' title='bbox 379 1075 555 1162; x_wconf 90' lang='grc' dir='ltr'><strong><em>χρημάτων</em></strong></span> <span class='ocrx_word' id='word_1_61' title='bbox 572 1073 650 1153; x_wconf 87' lang='grc' dir='ltr'><strong><em>τούς</em></strong></span> <span class='ocrx_word' id='word_1_62' title='bbox 669 1073 790 1160; x_wconf 85' lang='grc' dir='ltr'><strong><em>θεούς,</em></strong></span> <span class='ocrx_word' id='word_1_63' title='bbox 811 1083 880 1144; x_wconf 79' lang='grc' dir='ltr'><strong><em>τάν</em></strong></span> <span class='ocrx_word' id='word_1_64' title='bbox 896 1074 999 1145; x_wconf 89' lang='grc' dir='ltr'><strong><em>ὁσίων</em></strong></span> <span class='ocrx_word' id='word_1_65' title='bbox 1016 1077 1111 1146; x_wconf 76' lang='grc' dir='ltr'><strong><em>δὲλοδ</em></strong></span> 
     </span>
     <span class='ocr_line' id='line_1_10' title="bbox 93 1169 1051 1266; baseline 0.005 -26"><span class='ocrx_word' id='word_1_66' title='bbox 93 1172 155 1258; x_wconf 84' lang='grc' dir='ltr'><strong><em>τήν</em></strong></span> <span class='ocrx_word' id='word_1_67' title='bbox 165 1170 264 1240; x_wconf 88' lang='grc' dir='ltr'><strong><em>πόλιν</em></strong></span> <span class='ocrx_word' id='word_1_68' title='bbox 274 1169 464 1260; x_wconf 80' lang='grc' dir='ltr'><strong><em>ἀποστερεῖ,</em></strong></span> <span class='ocrx_word' id='word_1_69' title='bbox 488 1172 597 1260; x_wconf 84' lang='grc' dir='ltr'><strong><em>άκυρα</em></strong></span> <span class='ocrx_word' id='word_1_70' title='bbox 610 1174 646 1242; x_wconf 70' lang='grc' dir='ltr'><strong><em>δὲ</em></strong></span> <span class='ocrx_word' id='word_1_71' title='bbox 656 1171 696 1241; x_wconf 88' lang='grc' dir='ltr'><strong><em>τά</em></strong></span> <span class='ocrx_word' id='word_1_72' title='bbox 707 1174 903 1266; x_wconf 73' lang='grc' dir='ltr'><strong><em>γνωσθένθ’</em></strong></span> <span class='ocrx_word' id='word_1_73' title='bbox 915 1174 981 1245; x_wconf 85' lang='grc' dir='ltr'><strong><em>ύπδ</em></strong></span> <span class='ocrx_word' id='word_1_74' title='bbox 993 1184 1051 1263; x_wconf 81' lang='grc' dir='ltr'><strong><em>τῆς</em></strong></span> 
     </span>
     <span class='ocr_line' id='line_1_11' title="bbox 93 1273 1050 1362; baseline 0.003 -23"><span class='ocrx_word' id='word_1_75' title='bbox 93 1278 217 1358; x_wconf 87' lang='grc' dir='ltr'><strong><em>βουλής</em></strong></span> <span class='ocrx_word' id='word_1_76' title='bbox 228 1274 354 1340; x_wconf 82' lang='grc' dir='ltr'><strong><em>καὶτοῦ</em></strong></span> <span class='ocrx_word' id='word_1_77' title='bbox 366 1273 474 1358; x_wconf 92' lang='grc' dir='ltr'><strong><em>δήμου</em></strong></span> <span class='ocrx_word' id='word_1_78' title='bbox 484 1274 539 1339; x_wconf 82' lang='grc' dir='ltr'><strong><em>καὶ</em></strong></span> <span class='ocrx_word' id='word_1_79' title='bbox 549 1279 611 1338; x_wconf 81' lang='grc' dir='ltr'><strong><em>τοῦ</em></strong></span> <span class='ocrx_word' id='word_1_80' title='bbox 619 1277 832 1359; x_wconf 83' lang='grc' dir='ltr'><strong><em>δικαστηρίου</em></strong></span> <span class='ocrx_word' id='word_1_81' title='bbox 841 1280 1050 1362; x_wconf 81' lang='grc' dir='ltr'><strong><em>καθίστησιν,</em></strong></span> 
     </span>
     <span class='ocr_line' id='line_1_12' title="bbox 95 1368 1052 1460; baseline 0.005 -25"><span class='ocrx_word' id='word_1_82' title='bbox 95 1369 212 1437; x_wconf 81' lang='grc' dir='ltr'><strong><em>ἄδειαν</em></strong></span> <span class='ocrx_word' id='word_1_83' title='bbox 230 1373 267 1436; x_wconf 75' lang='grc' dir='ltr'><strong><em>δὲ</em></strong></span> <span class='ocrx_word' id='word_1_84' title='bbox 285 1369 325 1436; x_wconf 85' lang='grc' dir='ltr'><strong><em>τά</em></strong></span> <span class='ocrx_word' id='word_1_85' title='bbox 338 1368 435 1436; x_wconf 87' lang='grc' dir='ltr'><strong><em>κοινά</em></strong></span> <span class='ocrx_word' id='word_1_86' title='bbox 447 1369 640 1454; x_wconf 77' lang='grc' dir='ltr'><strong><em>διαρπάζειν</em></strong></span> <span class='ocrx_word' id='word_1_87' title='bbox 649 1379 698 1458; x_wconf 76' lang='grc' dir='ltr'><strong><em>τῷ</em></strong></span> <span class='ocrx_word' id='word_1_88' title='bbox 707 1374 900 1460; x_wconf 80' lang='grc' dir='ltr'><strong><em>βουλομένῳ</em></strong></span> <span class='ocrx_word' id='word_1_89' title='bbox 913 1380 1052 1458; x_wconf 82' lang='grc' dir='ltr'><strong><em>πεποιη-</em></strong></span> 
     </span>
     <span class='ocr_line' id='line_1_13' title="bbox 52 1465 1052 1557; baseline 0.004 -24"><span class='ocrx_word' id='word_1_90' title='bbox 52 1483 87 1533; x_wconf 81' lang='lat'><strong><em>10</em></strong></span> <span class='ocrx_word' id='word_1_91' title='bbox 95 1493 162 1534; x_wconf 86' lang='grc' dir='ltr'><strong><em>κεν,</em></strong></span> <span class='ocrx_word' id='word_1_92' title='bbox 191 1465 276 1553; x_wconf 74' lang='grc' dir='ltr'><strong><em>ὑπὲρ</em></strong></span> <span class='ocrx_word' id='word_1_93' title='bbox 290 1469 331 1556; x_wconf 86' lang='grc' dir='ltr'><strong><em>δή</em></strong></span> <span class='ocrx_word' id='word_1_94' title='bbox 343 1469 474 1536; x_wconf 90' lang='grc' dir='ltr'><strong><em>τούτων</em></strong></span> <span class='ocrx_word' id='word_1_95' title='bbox 485 1466 644 1538; x_wconf 77' lang='grc' dir='ltr'><strong><em>ἁπάντων</em></strong></span> <span class='ocrx_word' id='word_1_96' title='bbox 654 1469 751 1537; x_wconf 80' lang='grc' dir='ltr'><strong><em>λύσιν</em></strong></span> <span class='ocrx_word' id='word_1_97' title='bbox 762 1467 959 1557; x_wconf 84' lang='grc' dir='ltr'><strong><em>εὑρίσκομεν</em></strong></span> <span class='ocrx_word' id='word_1_98' title='bbox 969 1471 1052 1539; x_wconf 92' lang='grc' dir='ltr'><strong><em>ταύ-</em></strong></span> 
     </span>
     <span class='ocr_line' id='line_1_14' title="bbox 94 1559 1052 1656; baseline 0.004 -24"><span class='ocrx_word' id='word_1_99' title='bbox 94 1592 155 1651; x_wconf 92' lang='grc' dir='ltr'><strong><em>την</em></strong></span> <span class='ocrx_word' id='word_1_100' title='bbox 172 1559 280 1634; x_wconf 79' lang='grc' dir='ltr'><strong><em>οὖσαν</em></strong></span> <span class='ocrx_word' id='word_1_101' title='bbox 296 1567 421 1654; x_wconf 86' lang='grc' dir='ltr'><strong><em>μόνην,</em></strong></span> <span class='ocrx_word' id='word_1_102' title='bbox 444 1574 476 1636; x_wconf 88' lang='grc' dir='ltr'><strong><em>εί</em></strong></span> <span class='ocrx_word' id='word_1_103' title='bbox 490 1568 698 1655; x_wconf 82' lang='grc' dir='ltr'><strong><em>γραψάμενοι</em></strong></span> <span class='ocrx_word' id='word_1_104' title='bbox 707 1567 768 1638; x_wconf 79' lang='grc' dir='ltr'><strong><em>τὸν</em></strong></span> <span class='ocrx_word' id='word_1_105' title='bbox 778 1569 884 1656; x_wconf 92' lang='grc' dir='ltr'><strong><em>νόμον</em></strong></span> <span class='ocrx_word' id='word_1_106' title='bbox 895 1570 950 1637; x_wconf 83' lang='grc' dir='ltr'><strong><em>καὶ</em></strong></span> <span class='ocrx_word' id='word_1_107' title='bbox 961 1576 1052 1638; x_wconf 81' lang='grc' dir='ltr'><strong><em>εἰσα-</em></strong></span> 
     </span>
     <span class='ocr_line' id='line_1_15' title="bbox 93 1659 1168 1757; baseline 0.002 -25"><span class='ocrx_word' id='word_1_108' title='bbox 93 1666 252 1751; x_wconf 72' lang='grc' dir='ltr'><strong><em>γαγόντες</em></strong></span> <span class='ocrx_word' id='word_1_109' title='bbox 269 1673 315 1746; x_wconf 85' lang='grc' dir='ltr'><strong><em>είς</em></strong></span> <span class='ocrx_word' id='word_1_110' title='bbox 329 1663 416 1752; x_wconf 81' lang='grc' dir='ltr'><strong><em>ὑμᾶς</em></strong></span> <span class='ocrx_word' id='word_1_111' title='bbox 432 1675 532 1736; x_wconf 81' lang='grc' dir='ltr'><strong><em>λῦσαι</em></strong></span> <span class='ocrx_word' id='word_1_112' title='bbox 549 1673 744 1754; x_wconf 90' lang='grc' dir='ltr'><strong><em>δυναίμεθα.</em></strong></span> <span class='ocrx_word' id='word_1_113' title='bbox 777 1671 810 1747; x_wconf 78' lang='grc' dir='ltr'><strong><em>ἐξ</em></strong></span> <span class='ocrx_word' id='word_1_114' title='bbox 827 1665 930 1754; x_wconf 86' lang='grc' dir='ltr'><strong><em>άρχής</em></strong></span> <span class='ocrx_word' id='word_1_115' title='bbox 940 1659 1004 1736; x_wconf 87' lang='grc' dir='ltr'><strong><em>ούν</em></strong></span> <span class='ocrx_word' id='word_1_116' title='bbox 1015 1671 1051 1736; x_wconf 86' lang='grc' dir='ltr'><strong><em>ἐν</em></strong></span> <span class='ocrx_word' id='word_1_117' title='bbox 1163 1744 1168 1757; x_wconf 28' lang='lat'><strong>⁶</strong></span> 
     </span>
     <span class='ocr_line' id='line_1_16' title="bbox 94 1764 1051 1853; baseline 0.002 -21"><span class='ocrx_word' id='word_1_118' title='bbox 94 1773 231 1853; x_wconf 83' lang='grc' dir='ltr'><strong><em>βραχέσι</em></strong></span> <span class='ocrx_word' id='word_1_119' title='bbox 247 1765 287 1833; x_wconf 87' lang='grc' dir='ltr'><strong><em>τά</em></strong></span> <span class='ocrx_word' id='word_1_120' title='bbox 306 1770 497 1853; x_wconf 79' lang='grc' dir='ltr'><strong><em>πραχθέντα</em></strong></span> <span class='ocrx_word' id='word_1_121' title='bbox 518 1771 616 1853; x_wconf 90' lang='grc' dir='ltr'><strong><em>δίειμι</em></strong></span> <span class='ocrx_word' id='word_1_122' title='bbox 633 1765 716 1853; x_wconf 87' lang='grc' dir='ltr'><strong><em>πρδς</em></strong></span> <span class='ocrx_word' id='word_1_123' title='bbox 732 1764 836 1852; x_wconf 80' lang='grc' dir='ltr'><strong><em>ὑμᾶς,</em></strong></span> <span class='ocrx_word' id='word_1_124' title='bbox 858 1771 914 1834; x_wconf 85' lang='grc' dir='ltr'><strong><em>ἵνα</em></strong></span> <span class='ocrx_word' id='word_1_125' title='bbox 924 1774 1051 1852; x_wconf 81' lang='grc' dir='ltr'><strong><em>μᾶλλον</em></strong></span> 
     </span>
     <span class='ocr_line' id='line_1_17' title="bbox 94 1862 1169 1952; baseline 0.002 -21"><span class='ocrx_word' id='word_1_126' title='bbox 94 1863 224 1951; x_wconf 78' lang='grc' dir='ltr'><strong><em>μάθητε</em></strong></span> <span class='ocrx_word' id='word_1_127' title='bbox 235 1867 290 1932; x_wconf 83' lang='grc' dir='ltr'><strong><em>καὶ</em></strong></span> <span class='ocrx_word' id='word_1_128' title='bbox 302 1865 622 1952; x_wconf 81' lang='grc' dir='ltr'><strong><em>παρακολουθήσητε</em></strong></span> <span class='ocrx_word' id='word_1_129' title='bbox 632 1879 701 1945; x_wconf 82' lang='grc' dir='ltr'><strong><em>τοῖς</em></strong></span> <span class='ocrx_word' id='word_1_130' title='bbox 712 1867 787 1949; x_wconf 79' lang='grc' dir='ltr'><strong><em>περὶ</em></strong></span> <span class='ocrx_word' id='word_1_131' title='bbox 799 1862 860 1932; x_wconf 85' lang='grc' dir='ltr'><strong><em>τδν</em></strong></span> <span class='ocrx_word' id='word_1_132' title='bbox 871 1866 977 1950; x_wconf 91' lang='grc' dir='ltr'><strong><em>νόμον</em></strong></span> <span class='ocrx_word' id='word_1_133' title='bbox 988 1863 1052 1932; x_wconf 84' lang='grc' dir='ltr'><strong><em>αὐ·</em></strong></span> <span class='ocrx_word' id='word_1_134' title='bbox 1166 1924 1169 1933; x_wconf 96' lang='grc'>.</span> 
     </span>
     <span class='ocr_line' id='line_1_18' title="bbox 94 1960 373 2050; baseline 0 -20"><span class='ocrx_word' id='word_1_135' title='bbox 94 1960 155 2031; x_wconf 80' lang='grc' dir='ltr'><strong><em>τὸν</em></strong></span> <span class='ocrx_word' id='word_1_136' title='bbox 166 1961 373 2050; x_wconf 90' lang='grc' dir='ltr'><strong><em>άδικήμασιν.</em></strong></span> 
     </span>
     <span class='ocr_line' id='line_1_19' title="bbox 50 2061 1052 2150; baseline 0.002 -24"><span class='ocrx_word' id='word_1_137' title='bbox 50 2077 82 2127; x_wconf 80' lang='lat' dir='ltr'><strong><em>ll</em></strong></span> <span class='ocrx_word' id='word_1_138' title='bbox 184 2063 346 2150; x_wconf 75' lang='grc' dir='ltr'><strong><em>Ψήφισμα</em></strong></span> <span class='ocrx_word' id='word_1_139' title='bbox 361 2062 452 2132; x_wconf 87' lang='grc' dir='ltr'><strong><em>είπεν</em></strong></span> <span class='ocrx_word' id='word_1_140' title='bbox 463 2067 500 2132; x_wconf 78' lang='grc' dir='ltr'><strong><em>ἐν</em></strong></span> <span class='ocrx_word' id='word_1_141' title='bbox 510 2061 590 2150; x_wconf 80' lang='grc' dir='ltr'><strong><em>ὑμῖν</em></strong></span> <span class='ocrx_word' id='word_1_142' title='bbox 598 2061 801 2149; x_wconf 73' lang='grc' dir='ltr'><strong><em>Ἀριστοφῶν</em></strong></span> <span class='ocrx_word' id='word_1_143' title='bbox 812 2065 946 2132; x_wconf 78' lang='grc' dir='ltr'><strong><em>ἑλέσθαι</em></strong></span> <span class='ocrx_word' id='word_1_144' title='bbox 957 2067 1052 2149; x_wconf 78' lang='grc' dir='ltr'><strong><em>ζητη-</em></strong></span> 
     </span>
     <span class='ocr_line' id='line_1_20' title="bbox 95 2157 1053 2248; baseline -0.004 -18"><span class='ocrx_word' id='word_1_145' title='bbox 95 2160 163 2246; x_wconf 86' lang='grc' dir='ltr'><strong><em>τάς,</em></strong></span> <span class='ocrx_word' id='word_1_146' title='bbox 172 2169 203 2230; x_wconf 86' lang='grc' dir='ltr'><strong><em>εί</em></strong></span> <span class='ocrx_word' id='word_1_147' title='bbox 212 2164 251 2230; x_wconf 81' lang='grc' dir='ltr'><strong><em>δέ</em></strong></span> <span class='ocrx_word' id='word_1_148' title='bbox 257 2189 306 2242; x_wconf 90' lang='grc' dir='ltr'><strong><em>τις</em></strong></span> <span class='ocrx_word' id='word_1_149' title='bbox 317 2162 388 2231; x_wconf 76' lang='grc' dir='ltr'><strong><em>οἶδε’</em></strong></span> <span class='ocrx_word' id='word_1_150' title='bbox 396 2159 581 2248; x_wconf 79' lang='grc' dir='ltr'><strong><em>τιναήτων</em></strong></span> <span class='ocrx_word' id='word_1_151' title='bbox 591 2157 803 2247; x_wconf 69' lang='grc' dir='ltr'><strong><em>ίερωνήτολν</em></strong></span> <span class='ocrx_word' id='word_1_152' title='bbox 814 2157 916 2228; x_wconf 86' lang='grc' dir='ltr'><strong><em>ὁσίων</em></strong></span> <span class='ocrx_word' id='word_1_153' title='bbox 925 2158 1053 2246; x_wconf 87' lang='grc' dir='ltr'><strong><em>χρημά-</em></strong></span> 
     </span>
     <span class='ocr_line' id='line_1_21' title="bbox 95 2256 1051 2345; baseline -0.003 -18"><span class='ocrx_word' id='word_1_154' title='bbox 95 2288 164 2328; x_wconf 94' lang='grc' dir='ltr'><strong><em>των</em></strong></span> <span class='ocrx_word' id='word_1_155' title='bbox 176 2261 292 2345; x_wconf 81' lang='grc' dir='ltr'><strong><em>ἔχοντά</em></strong></span> <span class='ocrx_word' id='word_1_156' title='bbox 303 2287 334 2325; x_wconf 92' lang='grc' dir='ltr'><strong><em>τι</em></strong></span> <span class='ocrx_word' id='word_1_157' title='bbox 343 2267 401 2345; x_wconf 89' lang='grc' dir='ltr'><strong><em>τής</em></strong></span> <span class='ocrx_word' id='word_1_158' title='bbox 411 2260 550 2343; x_wconf 88' lang='grc' dir='ltr'><strong><em>πόλεως,</em></strong></span> <span class='ocrx_word' id='word_1_159' title='bbox 558 2259 700 2344; x_wconf 89' lang='grc' dir='ltr'><strong><em>μηνύειν</em></strong></span> <span class='ocrx_word' id='word_1_160' title='bbox 708 2256 792 2341; x_wconf 82' lang='grc' dir='ltr'><strong><em>πρὸς</em></strong></span> <span class='ocrx_word' id='word_1_161' title='bbox 800 2257 947 2336; x_wconf 91' lang='grc' dir='ltr'><strong><em>τούτους.</em></strong></span> <span class='ocrx_word' id='word_1_162' title='bbox 970 2256 1051 2344; x_wconf 86' lang='grc' dir='ltr'><strong><em>μετά</em></strong></span> 
     </span>
     <span class='ocr_line' id='line_1_22' title="bbox 96 2354 1166 2445; baseline -0.004 -20"><span class='ocrx_word' id='word_1_163' title='bbox 96 2356 190 2426; x_wconf 83' lang='grc' dir='ltr'><strong><em>ταῦτ’</em></strong></span> <span class='ocrx_word' id='word_1_164' title='bbox 210 2358 374 2445; x_wconf 83' lang='grc' dir='ltr'><strong><em>ἐμήνυσεν</em></strong></span> <span class='ocrx_word' id='word_1_165' title='bbox 391 2356 579 2445; x_wconf 80' lang='grc' dir='ltr'><strong><em>Εὐκτήμων</em></strong></span> <span class='ocrx_word' id='word_1_166' title='bbox 595 2363 680 2443; x_wconf 77' lang='grc' dir='ltr'><strong><em>ἔχειν</em></strong></span> <span class='ocrx_word' id='word_1_167' title='bbox 693 2354 861 2443; x_wconf 79' lang='grc' dir='ltr'><strong><em>Ἀρχέβιον</em></strong></span> <span class='ocrx_word' id='word_1_168' title='bbox 876 2358 931 2423; x_wconf 81' lang='grc' dir='ltr'><strong><em>καί</em></strong></span> <span class='ocrx_word' id='word_1_169' title='bbox 947 2361 1053 2422; x_wconf 84' lang='grc' dir='ltr'><strong><em>Λυσι·</em></strong></span> <span class='ocrx_word' id='word_1_170' title='bbox 1163 2378 1166 2383; x_wconf 94' lang='grc'><strong><em>·</em></strong></span> 
     </span>
     <span class='ocr_line' id='line_1_23' title="bbox 97 2451 1158 2543; baseline 0.001 -19"><span class='ocrx_word' id='word_1_171' title='bbox 97 2461 216 2542; x_wconf 88' lang='grc' dir='ltr'><strong><em>θείδην</em></strong></span> <span class='ocrx_word' id='word_1_172' title='bbox 232 2455 534 2543; x_wconf 80' lang='grc' dir='ltr'><strong><em>τριηραρχήσαντας</em></strong></span> <span class='ocrx_word' id='word_1_173' title='bbox 549 2455 698 2543; x_wconf 89' lang='grc' dir='ltr'><strong><em>χρήματα</em></strong></span> <span class='ocrx_word' id='word_1_174' title='bbox 714 2451 981 2541; x_wconf 86' lang='grc' dir='ltr'><strong><em>Ναυκρατιτικά,</em></strong></span> <span class='ocrx_word' id='word_1_175' title='bbox 1003 2461 1053 2521; x_wconf 88' lang='grc' dir='ltr'><strong><em>τί-</em></strong></span> <span class='ocrx_word' id='word_1_176' title='bbox 1150 2515 1158 2525; x_wconf 72' lang='grc'>,</span> 
     </span>
     <span class='ocr_line' id='line_1_24' title="bbox 98 2553 1054 2643; baseline -0.001 -21"><span class='ocrx_word' id='word_1_177' title='bbox 98 2581 189 2642; x_wconf 90' lang='grc' dir='ltr'><strong><em>μημα</em></strong></span> <span class='ocrx_word' id='word_1_178' title='bbox 198 2553 344 2623; x_wconf 88' lang='grc' dir='ltr'><strong><em>τάλαντα</em></strong></span> <span class='ocrx_word' id='word_1_179' title='bbox 354 2559 449 2631; x_wconf 78' lang='grc' dir='ltr'><strong><em>ἐννέα</em></strong></span> <span class='ocrx_word' id='word_1_180' title='bbox 460 2558 516 2624; x_wconf 82' lang='grc' dir='ltr'><strong><em>καί</em></strong></span> <span class='ocrx_word' id='word_1_181' title='bbox 525 2556 704 2641; x_wconf 91' lang='grc' dir='ltr'><strong><em>τριάκοντα</em></strong></span> <span class='ocrx_word' id='word_1_182' title='bbox 713 2562 808 2642; x_wconf 81' lang='grc' dir='ltr'><strong><em>μνᾶς.</em></strong></span> <span class='ocrx_word' id='word_1_183' title='bbox 831 2563 1003 2642; x_wconf 80' lang='grc' dir='ltr'><strong><em>προσῆλθε</em></strong></span> <span class='ocrx_word' id='word_1_184' title='bbox 1012 2564 1054 2643; x_wconf 81' lang='grc' dir='ltr'><strong><em>πή</em></strong></span> 
     </span>
     <span class='ocr_line' id='line_1_25' title="bbox 96 2650 1054 2741; baseline 0 -21"><span class='ocrx_word' id='word_1_185' title='bbox 96 2660 204 2741; x_wconf 83' lang='grc' dir='ltr'><strong><em>βουλή</em></strong></span> <span class='ocrx_word' id='word_1_186' title='bbox 210 2704 219 2738; x_wconf 91' lang='grc'>,</span> <span class='ocrx_word' id='word_1_187' title='bbox 243 2650 472 2740; x_wconf 85' lang='grc' dir='ltr'><strong><em>προβούλευμ’</em></strong></span> <span class='ocrx_word' id='word_1_188' title='bbox 489 2653 629 2739; x_wconf 78' lang='grc' dir='ltr'><strong><em>ἐγράφη.</em></strong></span> <span class='ocrx_word' id='word_1_189' title='bbox 662 2651 743 2739; x_wconf 83' lang='grc' dir='ltr'><strong><em>μετά</em></strong></span> <span class='ocrx_word' id='word_1_190' title='bbox 760 2660 864 2720; x_wconf 79' lang='grc' dir='ltr'><strong><em>ταῦτα</em></strong></span> <span class='ocrx_word' id='word_1_191' title='bbox 874 2656 1054 2740; x_wconf 79' lang='grc' dir='ltr'><strong><em>γενομένης</em></strong></span> 
     </span>
     <span class='ocr_line' id='line_1_26' title="bbox 58 2749 1054 2840; baseline 0.001 -23"><span class='ocrx_word' id='word_1_192' title='bbox 58 2757 270 2840; x_wconf 67' lang='grc' dir='ltr'><strong><em>ιεέκκλησίας</em></strong></span> <span class='ocrx_word' id='word_1_193' title='bbox 280 2749 626 2840; x_wconf 86' lang='grc' dir='ltr'><strong><em>αρούχειροτόνησενὸ</em></strong></span> <span class='ocrx_word' id='word_1_194' title='bbox 638 2756 751 2840; x_wconf 83' lang='grc' dir='ltr'><strong><em>δῆμος.</em></strong></span> <span class='ocrx_word' id='word_1_195' title='bbox 772 2750 1054 2838; x_wconf 83' lang='grc' dir='ltr'><strong><em>άναστάςΕύκτή-</em></strong></span> 
     </span>
     <span class='ocr_line' id='line_1_27' title="bbox 98 2848 1055 2938; baseline 0.002 -22"><span class='ocrx_word' id='word_1_196' title='bbox 98 2877 169 2935; x_wconf 93' lang='grc' dir='ltr'><strong><em>μων</em></strong></span> <span class='ocrx_word' id='word_1_197' title='bbox 189 2856 301 2934; x_wconf 79' lang='grc' dir='ltr'><strong><em>ἔλεγεν</em></strong></span> <span class='ocrx_word' id='word_1_198' title='bbox 317 2849 401 2919; x_wconf 89' lang='grc' dir='ltr'><strong><em>άλλα</em></strong></span> <span class='ocrx_word' id='word_1_199' title='bbox 417 2878 452 2920; x_wconf 87' lang='grc' dir='ltr'><strong><em>τε</em></strong></span> <span class='ocrx_word' id='word_1_200' title='bbox 469 2851 575 2919; x_wconf 81' lang='grc' dir='ltr'><strong><em>πολλὰ</em></strong></span> <span class='ocrx_word' id='word_1_201' title='bbox 586 2854 641 2919; x_wconf 78' lang='grc' dir='ltr'><strong><em>καὶ</em></strong></span> <span class='ocrx_word' id='word_1_202' title='bbox 653 2856 805 2938; x_wconf 83' lang='grc' dir='ltr'><strong><em>διεξῆλθε</em></strong></span> <span class='ocrx_word' id='word_1_203' title='bbox 816 2849 901 2937; x_wconf 82' lang='grc' dir='ltr'><strong><em>πρὸς</em></strong></span> <span class='ocrx_word' id='word_1_204' title='bbox 911 2848 998 2937; x_wconf 80' lang='grc' dir='ltr'><strong><em>ὑμᾶς</em></strong></span> <span class='ocrx_word' id='word_1_205' title='bbox 1010 2848 1055 2929; x_wconf 80' lang='grc' dir='ltr'><strong><em>ως</em></strong></span> 
     </span>
     <span class='ocr_line' id='line_1_28' title="bbox 98 2945 1053 3035; baseline 0.003 -22"><span class='ocrx_word' id='word_1_206' title='bbox 98 2955 215 3033; x_wconf 81' lang='grc' dir='ltr'><strong><em>ἔλαβεν</em></strong></span> <span class='ocrx_word' id='word_1_207' title='bbox 232 2945 252 3033; x_wconf 88' lang='grc' dir='ltr'><strong><em>ή</em></strong></span> <span class='ocrx_word' id='word_1_208' title='bbox 270 2947 405 3035; x_wconf 85' lang='grc' dir='ltr'><strong><em>τριήρης</em></strong></span> <span class='ocrx_word' id='word_1_209' title='bbox 420 2948 457 3017; x_wconf 83' lang='grc' dir='ltr'><strong><em>τὸ</em></strong></span> <span class='ocrx_word' id='word_1_210' title='bbox 469 2948 619 3035; x_wconf 78' lang='grc' dir='ltr'><strong><em>πλοίουή</em></strong></span> <span class='ocrx_word' id='word_1_211' title='bbox 633 2951 848 3018; x_wconf 84' lang='grc' dir='ltr'><strong><em>Μελάνωπον</em></strong></span> <span class='ocrx_word' id='word_1_212' title='bbox 859 2948 988 3035; x_wconf 78' lang='grc' dir='ltr'><strong><em>άχουσα</em></strong></span> <span class='ocrx_word' id='word_1_213' title='bbox 999 2950 1053 3016; x_wconf 80' lang='grc' dir='ltr'><strong><em>καὶ</em></strong></span> 
     </span>
     <span class='ocr_line' id='line_1_29' title="bbox 96 3044 1052 3137; baseline 0 -23"><span class='ocrx_word' id='word_1_214' title='bbox 96 3049 288 3130; x_wconf 82' lang='grc' dir='ltr'><strong><em>Γλαυκέτην</em></strong></span> <span class='ocrx_word' id='word_1_215' title='bbox 296 3044 575 3133; x_wconf 77' lang='grc' dir='ltr'><strong><em>κάλἈνδροτίωνα</em></strong></span> <span class='ocrx_word' id='word_1_216' title='bbox 585 3048 787 3137; x_wconf 85' lang='grc' dir='ltr'><strong><em>πρεσβευτάς</em></strong></span> <span class='ocrx_word' id='word_1_217' title='bbox 797 3045 1052 3131; x_wconf 77' lang='grc' dir='ltr'><strong><em>άςΜαύσωλον,</em></strong></span> 
     </span>
     <span class='ocr_line' id='line_1_30' title="bbox 99 3139 1051 3234; baseline 0.001 -22"><span class='ocrx_word' id='word_1_218' title='bbox 99 3141 142 3222; x_wconf 79' lang='grc' dir='ltr'><strong><em>ὡς</em></strong></span> <span class='ocrx_word' id='word_1_219' title='bbox 154 3150 277 3212; x_wconf 77' lang='grc' dir='ltr'><strong><em>ἔθεσαν</em></strong></span> <span class='ocrx_word' id='word_1_220' title='bbox 288 3142 350 3230; x_wconf 85' lang='grc' dir='ltr'><strong><em>τήν</em></strong></span> <span class='ocrx_word' id='word_1_221' title='bbox 360 3149 529 3234; x_wconf 87' lang='grc' dir='ltr'><strong><em>ίκετηρίαν</em></strong></span> <span class='ocrx_word' id='word_1_222' title='bbox 540 3139 589 3214; x_wconf 68' lang='grc' dir='ltr'><strong><em>οἷν</em></strong></span> <span class='ocrx_word' id='word_1_223' title='bbox 599 3141 643 3234; x_wconf 85' lang='grc' dir='ltr'><strong><em>ήν</em></strong></span> <span class='ocrx_word' id='word_1_224' title='bbox 654 3145 694 3215; x_wconf 85' lang='grc' dir='ltr'><strong><em>τά</em></strong></span> <span class='ocrx_word' id='word_1_225' title='bbox 705 3147 854 3233; x_wconf 89' lang='grc' dir='ltr'><strong><em>χρήματα</em></strong></span> <span class='ocrx_word' id='word_1_226' title='bbox 865 3144 1051 3232; x_wconf 77' lang='grc' dir='ltr'><strong><em>ἅνθρωποι,</em></strong></span> 
     </span>
     <span class='ocr_line' id='line_1_31' title="bbox 99 3240 1052 3333; baseline 0.005 -23"><span class='ocrx_word' id='word_1_227' title='bbox 99 3241 143 3322; x_wconf 76' lang='grc' dir='ltr'><strong><em>ὡς</em></strong></span> <span class='ocrx_word' id='word_1_228' title='bbox 160 3240 477 3330; x_wconf 80' lang='grc' dir='ltr'><strong><em>ἀπεχειροτονήσαθ’</em></strong></span> <span class='ocrx_word' id='word_1_229' title='bbox 494 3243 587 3333; x_wconf 73' lang='grc' dir='ltr'><strong><em>ὑμεῖς</em></strong></span> <span class='ocrx_word' id='word_1_230' title='bbox 603 3244 647 3333; x_wconf 86' lang='grc' dir='ltr'><strong><em>μή</em></strong></span> <span class='ocrx_word' id='word_1_231' title='bbox 661 3252 753 3330; x_wconf 86' lang='grc' dir='ltr'><strong><em>φίλια</em></strong></span> <span class='ocrx_word' id='word_1_232' title='bbox 765 3243 857 3313; x_wconf 78' lang='grc' dir='ltr'><strong><em>εἶναι.</em></strong></span> <span class='ocrx_word' id='word_1_233' title='bbox 891 3245 963 3313; x_wconf 88' lang='grc' dir='ltr'><strong><em>τότε</em></strong></span> <span class='ocrx_word' id='word_1_234' title='bbox 974 3243 1052 3315; x_wconf 82' lang='grc' dir='ltr'><strong><em>άνί-</em></strong></span> 
     </span>
    </p>
   </div>
   <div class='ocr_carea' id='block_1_3' title="bbox 97 3341 1059 3532">
    <p class='ocr_par' dir='ltr' id='par_1_3' title="bbox 97 3341 1059 3532">
     <span class='ocr_line' id='line_1_32' title="bbox 97 3341 1053 3433; baseline 0.004 -23"><span class='ocrx_word' id='word_1_235' title='bbox 97 3363 223 3430; x_wconf 88' lang='grc' dir='ltr'><strong><em>μνησεν</em></strong></span> <span class='ocrx_word' id='word_1_236' title='bbox 233 3341 416 3430; x_wconf 83' lang='grc' dir='ltr'><strong><em>ὑμᾶς,τούς</em></strong></span> <span class='ocrx_word' id='word_1_237' title='bbox 426 3345 553 3433; x_wconf 90' lang='grc' dir='ltr'><strong><em>νόμους</em></strong></span> <span class='ocrx_word' id='word_1_238' title='bbox 561 3341 787 3431; x_wconf 80' lang='grc' dir='ltr'><strong><em>ιἰνίγνω,καθ’</em></strong></span> <span class='ocrx_word' id='word_1_239' title='bbox 796 3341 855 3423; x_wconf 83' lang='grc' dir='ltr'><strong><em>οδς</em></strong></span> <span class='ocrx_word' id='word_1_240' title='bbox 863 3351 984 3414; x_wconf 81' lang='grc' dir='ltr'><strong><em>τοῦτον</em></strong></span> <span class='ocrx_word' id='word_1_241' title='bbox 992 3343 1053 3414; x_wconf 76' lang='grc' dir='ltr'><strong><em>τὸν</em></strong></span> 
     </span>
     <span class='ocr_line' id='line_1_33' title="bbox 97 3441 1059 3532; baseline -0.001 -23"><span class='ocrx_word' id='word_1_242' title='bbox 97 3441 223 3529; x_wconf 81' lang='grc' dir='ltr'><strong><em>τρόπον</em></strong></span> <span class='ocrx_word' id='word_1_243' title='bbox 240 3448 459 3530; x_wconf 82' lang='grc' dir='ltr'><strong><em>πραχθέντων</em></strong></span> <span class='ocrx_word' id='word_1_244' title='bbox 474 3453 532 3532; x_wconf 83' lang='grc' dir='ltr'><strong><em>της</em></strong></span> <span class='ocrx_word' id='word_1_245' title='bbox 550 3441 676 3523; x_wconf 84' lang='grc' dir='ltr'><strong><em>πόλεως</em></strong></span> <span class='ocrx_word' id='word_1_246' title='bbox 686 3465 832 3532; x_wconf 80' lang='grc' dir='ltr'><strong><em>χιχνεται</em></strong></span> <span class='ocrx_word' id='word_1_247' title='bbox 842 3453 882 3512; x_wconf 85' lang='grc' dir='ltr'><strong><em>τα</em></strong></span> <span class='ocrx_word' id='word_1_248' title='bbox 894 3444 1059 3532; x_wconf 78' lang='grc' dir='ltr'><strong><em>χρήματα.</em></strong></span> 
     </span>
    </p>
   </div>
   <div class='ocr_carea' id='block_1_4' title="bbox 0 0 1190 3854">
    <p class='ocr_par' dir='ltr' id='par_1_4' title="bbox 0 0 1190 3854">
     <span class='ocr_line' id='line_1_34' title="bbox 0 0 1190 3854; baseline 0 0"><span class='ocrx_word' id='word_1_249' title='bbox 0 0 1190 3854; x_wconf 95' lang='lat' dir='ltr'><strong><em> </em></strong></span> 
     </span>
    </p>
   </div>
  </div>
 </body>
</html>
