2370 3854
306 245 450 306 ΠΡΟΣ
467 245 578 305 ΠΑΝ
589 245 876 308 ΤΑΙΝΕΤΟΝ.
1002 247 1063 310 453

112 431 181 472 τοιν
192 407 246 474 καὶ
257 409 440 490 δισχιλίων,
453 408 498 482 είς
508 410 612 470 ταῦτα
624 409 778 490 τέτταρα,
801 403 844 484 ῶς
855 412 979 491 ἔοικεν,
991 407 1064 494 ἡδί-

113 526 212 590 κῃοαι
228 503 381 570 τάλαντα.
414 500 481 569 ὑπὸ
498 511 560 569 τοῦ
576 511 697 586 ταῦτα;
719 502 784 572 ὑπὸ
800 513 870 572 τοῦ·
881 505 1063 595 οίκέτουνὴ

112 611 178 672 Δία
190 610 251 672 τοῦ
263 605 354 688 ἐμοῦ.
382 607 431 680 τίς
441 598 472 669 δ’
486 596 529 668 ἂν
540 603 650 690 οἰκέτῃ
666 604 914 691 παραχωρήσειε
931 612 1065 693 πολίτης

112 712 181 771 τῶν
192 700 298 770 αὑτοῦ
304 730 313 781 ;
334 697 356 788 ἦ
367 707 416 780 τίς
426 695 470 768 ἂν
481 701 628 786 φήσειεν,
650 693 698 769 ῶν
710 705 807 789 δίκην
816 700 928 788 λαχῶν
939 701 1064 792 ᾕρηκεν
1176 743 1177 746 ¹

113 796 211 880 οὗτος
221 802 390 887 Εὔεργον,
413 798 543 868 τοῦτον
559 801 615 868 καὶ
632 797 691 869 τόν
702 796 782 887 ἐμόν
793 807 895 870 παῖδα
908 799 1065 893 ὑπεύθυ-

68 913 101 963 51
112 928 174 969 νον
192 899 276 968 εἶναι
294 898 494 984 προσήκειν;
515 902 614 985 χωρίς
631 899 667 967 δὲ
686 899 817 968 τοῦτον
838 899 938 981 αῦτδς
959 898 1064 971 αὐτόν

110 994 209 1080 οὗτος
225 997 334 1086 ἀφῆκε
351 1007 421 1067 τῶν
435 1000 599 1067 τοιοῦτον
617 1006 733 1067 αίτιῶν
754 997 903 1069 ἁπασῶν.
938 999 979 1068 οῦ
999 1000 1064 1086 γὰρ

108 1107 175 1169 νῦν
187 1104 253 1169 ἔδει
263 1103 388 1184 λέγειν,
411 1095 488 1166 οὐδ’
500 1104 546 1176 είς
561 1096 624 1183 τὴν
639 1098 824 1186 πρόκλησιν
840 1100 983 1187 γροέφειν
993 1093 1066 1188 ίνῇ

109 1203 298 1287 βασανιΐειυ
308 1197 427 1284 ἐξῄτει,
447 1194 531 1264 ἀλλὰ
543 1195 685 1281 λαχόντα
698 1201 812 1288 ἐκείνῳ
824 1197 887 1284 τήν
898 1204 994 1286 δίκην
1004 1197 1064 1267 τόν

111 1300 230 1384 κόριον
242 1297 377 1365 διῶκειν
387 1297 452 1382 ἐμέ.
473 1304 540 1363 νῦν
551 1294 582 1362 δ’
597 1304 704 1383 είλῃχε
715 1297 776 1383 μὲν
786 1299 875 1384 ἐμοὶ,
887 1313 1065 1385 κατηγορεῖ
1179 1288 1182 1293 ’

111 1397 143 1465 δ’
157 1401 295 1465 ἐκείνου.
327 1402 432 1463 ταῦτα
444 1393 476 1462 δ’
491 1393 555 1463 οὐκ
565 1399 665 1463 ἐῶσιν
677 1400 712 1464 οί
719 1396 833 1482 νόμοι·
856 1404 904 1476 τίς
914 1395 979 1484 γὰρ
991 1397 1063 1464 πῶ-
1153 1484 1156 1489 Ι

109 1523 189 1565 ποτε
199 1504 246 1587 τῷ
257 1495 401 1582 δεσπότῃ
411 1495 523 1582 λαχῶν
532 1503 594 1564 τοῦ
604 1495 731 1563 δούλου
741 1493 781 1563 τό
794 1497 980 1583 πράγματα,
993 1493 1062 1563 ῶσ-

109 1622 170 1681 περ
181 1603 312 1681 κυρίου,
324 1593 577 1681 κατῃγόρῃσενς·

65 1709 99 1762 52
190 1693 343 1766 Ἐπειδὰν
353 1702 470 1764 τοίνυν
486 1720 535 1772 τις
550 1690 656 1761 αὐτόν
674 1698 787 1780 ἔρηται
796 1689 875 1760 “nal
890 1698 924 1760 τί
933 1697 1062 1761 δίκαιον

101 1794 206 1877 “Qus
216 1799 325 1880 λέγειν
333 1792 417 1879 πρὸς
426 1791 673 1880 Νικόβουλονί
686 1799 830 1878 μισοῦσι,
839 1795 952 1880 φησὶν,
960 1790 1063 1879 Ἀδη-

108 1909 198 1964 ναῖοι
223 1891 304 1970 τοῦς
327 1896 551 1973 δανείζοντας·
588 1883 802 1981 Νικόβουλος
822 1890 854 1960 δ’
879 1891 1063 1980 ἐπίφθονός

109 1999 192 2079 ἐστι,
204 1996 259 2062 καὶ
269 1993 390 2079 ταχέως
402 1996 544 2078 βαδίζει,
559 1993 614 2060 καὶ
624 1996 708 2079 μέγα
718 1995 916 2080 φθέγγεται,
934 1993 989 2060 καὶ
1000 2000 1063 2078 βα-

110 2101 249 2181 κτηρίαν
271 2105 384 2176 φορεῖ·
407 2098 511 2158 ταῦτα
532 2088 564 2157 δ’
579 2094 667 2159 ἐστίν
687 2089 835 2177 ἅπαντα,
860 2094 956 2177 φησὶ,
979 2091 1062 2176 πρός

47 2205 50 2209 ’
108 2196 199 2276 ἐμοῦ.
232 2191 289 2255 καὶ
309 2183 404 2253 ταῦτ’
430 2185 493 2255 οὐκ
516 2187 706 2273 αἰσχύνεται
728 2189 850 2272 λέγων,
883 2185 963 2255 οῦδὲ
982 2185 1062 2267 τοῦς
1127 2194 1131 2200 ’

107 2284 291 2362 ἀκούοντας
300 2294 403 2352 οίεται
412 2282 600 2370 μανθάνειν
608 2282 661 2352 ότι
671 2285 964 2370 συκοφαντοῦντός
972 2287 1061 2353 ἐστιν

64 2372 381 2468 53λογισμόςοῦτος,
394 2379 456 2448 οῦκ
468 2379 700 2468 ἀδικουμένου.
734 2379 798 2468 ἐγῶ
817 2381 849 2450 δ’
860 2383 988 2451 ἀδικεῖν
998 2384 1061 2470 μὲν
1091 2413 1093 2419 ’

107 2479 231 2549 οὐδένα
244 2487 313 2548 τῶν
324 2480 546 2561 δανειζόντων
570 2481 676 2568 οἶμαι,
707 2491 878 2566 μισεῖσθαι
888 2484 1000 2569 μέντοι
1010 2506 1121 2562 maz

105 2578 167 2659 νὰς
185 2576 229 2648 ῶν
245 2577 377 2658 εἰκότως
394 2576 452 2665 ὑφ’
464 2577 578 2667 ὑμῶν,
602 2587 636 2648 οἳ
649 2583 768 2668 τέχνην
788 2579 825 2650 τό
843 2589 978 2667 πρᾶγμα
998 2605 1059 2648 πε-

107 2683 279 2765 ποιημένοι
296 2677 377 2766 μήτε
393 2677 592 2764 συγγνώμης
608 2676 680 2766 μήτ’
692 2677 797 2746 ἄλλου
813 2677 957 2764 μηδενός
975 2685 1058 2746 είσιν

107 2776 174 2845 ἀλλ’
186 2774 209 2863 ἦ
219 2784 280 2845 τοῦ
292 2784 453 2857 πλείονος.
481 2778 535 2845 διὰ
547 2778 616 2863 γὰρ
630 2776 668 2846 τό
681 2782 736 2846 καὶ
753 2784 966 2847 δεδανεῖσθαι
977 2787 1059 2846 πολ-

105 2877 208 2961 λοίκις,
222 2874 265 2962 μὴ
280 2876 387 2963 μόνον
397 2874 498 2956 αὐτὸς
508 2879 616 2968 τούτῳ
630 2883 795 2966 δανεῖσαι,
815 2877 890 2947 οὐδ’
902 2878 967 2964 ίγῶ
978 2879 1058 2946 τοό-

105 3001 182 3053 τους
194 2972 306 3061 οἷγνοῶ
317 2973 395 3044 οῦδὲ
412 2985 515 3062 φιλῶ,
534 2974 575 3045 οὐ
594 2980 707 3062 μέντοι
718 2977 746 3064 γ’
758 2977 932 3061 ἀποστερῶ
940 2975 986 3062 μοὶ
997 2976 1054 3043 Δί’

62 3072 184 3142 ὁλοῦδὲ
201 3083 411 3160 συκοφαντῶ.
442 3071 531 3154 όστις
548 3080 584 3144 δὲ
600 3086 769 3163 είργασται
788 3077 850 3163 μὲν
868 3074 980 3158 ῶσπερ
992 3075 1056 3161 ἐγῶ

104 3175 215 3242 πλέον
226 3177 281 3241 καὶ
293 3175 513 3260 κινδυνεύων,
521 3174 709 3263 εὐπορήσας
725 3176 761 3245 δὲ
771 3186 901 3263 μικρῶν
911 3175 1058 3244 ἐδάνεισε

103 3274 279 3359 ταῦτακαὶ
290 3280 492 3359 χαρίσασθαι
500 3274 704 3362 βουλόμενος
713 3279 768 3343 καί
779 3274 823 3362 μὴ
834 3284 953 3344 λαθεῖν
963 3278 1058 3354 διαρ-

104 3372 185 3453 ρυὲν
196 3369 300 3441 αὐτόν
310 3371 348 3441 τὸ
361 3371 527 3461 ἀργύριον
533 3425 543 3459 ,
567 3382 601 3442 τί
609 3397 658 3453 τις
668 3371 711 3443 ῶν
721 3383 843 3447 τοῦτον
854 3380 899 3453 εἰς
909 3376 1057 3452 ἐκείνους

102 3478 227 3559 mmm
246 3479 277 3540 εί
285 3474 329 3560 μὴ
341 3480 440 3542 τοῦτο
451 3477 573 3560 λέγεις,
587 3471 632 3552 ῶς
641 3472 678 3553 ὃς
687 3469 731 3541 ἂν
743 3475 795 3542 σοί
806 3478 958 3564 δανείσῃ,
975 3481 1054 3540 τοῦ·Ἱ
