2370 3854
262 215 402 276 ΚΑΤΑ
422 216 882 280 ΑΡΙΣΤΟΚΡΑΤΟΤΣ,
983 215 1045 280 165

97 377 133 444 δὲ
149 374 308 461 φεύγοντι
325 375 365 443 τά
383 377 444 462 μὲν
454 383 511 461 της
522 379 700 462 διωμοσίας
712 376 834 462 ταύτά,
855 376 915 447 τὸν
925 377 1047 460 πρότε-

96 498 157 559 ρον
173 470 205 541 δ’
223 479 347 553 ἔξεστιν
364 473 499 542 εἰπόντα
514 474 617 558 λόγον
627 482 842 563 μεταστῆναι,
864 478 919 543 καί
931 472 1044 542 οὕδ’ὁ
1148 520 1157 536 ·

95 573 227 642 διάκων
243 569 323 641 οὔδ’
345 579 379 640 οἰ
389 573 574 653 δικάζοντες
587 570 658 640 οὔτ’
673 573 771 653 άλλος
781 571 974 659 ἀνθρώπων
986 572 1046 640 οὐ-

48 694 84 749 70
95 674 161 750 δεὶς
178 672 294 756 κάρτος
311 679 467 739 κωλῦσαι.
499 676 535 739 τί
547 671 673 758 δήποτ’,
697 666 858 758 τάάνδρες
865 670 1045 759 Ἀθηναῖοι,

94 768 195 838 τοῦθ’
208 769 314 850 οὕτως
323 776 403 856 ἕχει;
417 768 470 841 ότι
480 775 514 838 οἰ
520 769 614 838 ταῦτ’
630 774 663 851 ἐξ
675 769 777 859 ἀρχῆς
787 770 827 840 τά
839 772 963 859 νόμιμα
974 776 1047 839 δια-

94 871 221 954 θέντες,
230 872 348 948 οἵτινές
358 868 427 936 ποτ’
436 863 532 955 ἦσαν,
541 866 602 938 τίδ’
612 868 719 956 ἥρωες
730 879 794 940 είτε
805 868 961 955 δεοὶ,οάκ
972 871 1047 939 ἐπέ-

93 978 196 1037 θεντο
205 981 272 1048 τοῖς
280 965 571 1056 άτυχήμασιν,άλλ’
579 967 803 1055 ἀνθρωπίνως
811 968 1046 1054 ἐπεκούφισαν,

94 1072 140 1148 εἰς
150 1065 232 1136 ὅσον
241 1067 305 1154 εἶχε
313 1076 432 1155 καλῶς,
440 1065 498 1145 τάς
508 1068 693 1153 συμφοράς.
705 1075 809 1135 ταῦτα
816 1071 930 1154 μέντοι
937 1068 1047 1136 πάντα

93 1163 182 1232 οὕτω
193 1174 301 1245 καλῶς
313 1170 368 1236 καί
377 1173 524 1252 νομίμως
535 1171 651 1250 ἔχοντα
662 1162 680 1232 ὁ
691 1165 833 1252 γράφων
840 1167 877 1234 τὰ
891 1166 1046 1253 ψήφισμα

92 1267 184 1332 τουτὶ
195 1265 435 1352 παραβεβηκώς
444 1270 611 1349 φαίνεται·
634 1267 672 1331 ἓν
688 1264 751 1351 γάρ
769 1264 843 1334 οὐδ’
864 1263 980 1336 ὁτιοῦν
997 1272 1047 1333 ἔνι

91 1362 223 1428 τούτων
240 1365 277 1428 ἐν
293 1369 341 1449 τῷ
358 1366 544 1446 ψηφίσματι
552 1369 601 1452 τῳ
611 1362 742 1429 τούτου.
775 1366 831 1431 καί
842 1363 1047 1449 πρῶτονμὲν

94 1459 168 1542 παρ’
178 1461 215 1525 ἓν
226 1466 324 1526 τοῦτο
335 1459 372 1526 τδ
385 1459 598 1546 δικαστήριον
607 1463 663 1528 καί
673 1458 762 1546 παρά
771 1462 849 1541 τούς
859 1465 1046 1549 γεγραμμέ-

94 1583 175 1636 νους
186 1557 312 1643 νόμους
322 1561 377 1626 καί
387 1558 542 1646 τάγραφα
553 1560 678 1648 νόμιμα
687 1558 726 1629 τδ
738 1563 893 1650 ψήφισμα
910 1571 1044 1649 εἴρηται.

48 1679 79 1733 71
177 1654 349 1742 Δεύτερον
360 1654 392 1724 δ’
402 1658 519 1745 ἕτερον
531 1660 743 1747 δικαστήριον
753 1658 790 1730 τδ
801 1669 869 1730 τῶν
878 1659 1046 1731 άκουσίων

94 1756 211 1842 φόνων
223 1755 405 1841 φανήσεται
416 1761 576 1844 συγχέων,
587 1758 625 1828 τό
640 1761 693 1827 ἐπὶ
701 1765 890 1850 Παλλαδίῳ,
901 1761 957 1828 καὶ
967 1758 1046 1838 τους

93 1853 183 1940 παρὰ
203 1853 310 1945 τοάτῳ
332 1855 458 1943 νόμους
478 1864 702 1945 παραβαίνων.
742 1861 797 1927 καί
818 1856 883 1945 γάρ
905 1855 1044 1927 ἐνταῦθ’

92 1952 264 2022 ὑπόκειται
281 1963 415 2042 πρῶτον
430 1955 493 2044 μὲν
508 1960 685 2044 διωμοσία,
707 1957 865 2043 δεύτερον
883 1957 919 2027 δὲ
935 1956 1043 2041 λόγος,

93 2059 204 2139 τρίτον
214 2052 250 2121 δὲ
261 2060 383 2138 γνοῖσις
392 2062 455 2122 τοῦ
465 2059 694 2142 δικαστηρίου,
718 2048 768 2123 άν
784 2055 884 2123 οὐδέν
903 2060 991 2124 ἐστιν
1008 2056 1045 2122 ἐν

92 2161 138 2240 τῷ
159 2154 283 2220 τούτου
303 2159 498 2239 ψηφίσματι.
530 2149 575 2220 άν
590 2151 622 2221 δ’
640 2150 710 2241 άλῳ
727 2156 783 2220 καί
800 2157 884 2240 δοκῇ
899 2150 1043 2237 τοάργον

93 2250 284 2334 εἰργάσθαι,
296 2248 372 2317 οὔθ’
384 2248 403 2317 ὁ
415 2248 546 2318 διώκων
555 2257 618 2319 τοῦ
630 2248 828 2330 δεδρακότος
838 2249 963 2334 κύριος,
975 2246 1043 2315 οὔτ’

47 2359 78 2412 72
93 2347 193 2424 ἄλλος
210 2343 318 2424 οὐδεὶς
334 2344 423 2433 πλὴν
441 2344 459 2414 ὁ
476 2347 587 2433 νόμος.
617 2352 653 2415 τί
666 2339 731 2414 οὖν
747 2344 765 2413 ὁ
784 2345 888 2433 νόμος
899 2343 1043 2427 κελεύεις

92 2443 153 2511 τόν
164 2442 287 2511 ἁλόντα
298 2441 349 2512 ἐπ’
363 2440 509 2534 ἀκουσίῳ
521 2443 617 2536 φόνῳ
628 2449 666 2514 ἔν
675 2465 762 2513 τισιν
772 2450 955 2533 εἰρημένοις
965 2445 1044 2533 χρό-

94 2569 164 2622 νοις
175 2539 335 2611 άπελλδεῑν
344 2541 468 2631 τακτὴν
479 2542 561 2613 δδόν
571 2547 626 2613 καί
636 2545 802 2632 φεάγειν,
814 2547 876 2626 ἕως
893 2542 938 2615 άν
954 2549 1105 2615 αἱδί-644

95 2647 192 2728 σηταί
199 2668 273 2708 τινα
283 2650 351 2710 των
362 2645 400 2712 ἐν
408 2646 497 2728 γένει
506 2650 568 2712 τοῦ
580 2645 798 2725 πεπονθότος.
819 2653 1001 2733 τηνικαῦτα
1012 2647 1043 2716 δ’

93 2739 189 2825 ἥκειν
200 2741 345 2810 δέδωκεν
356 2747 444 2809 ἔστιν
455 2739 647 2829 δντρόπον,
665 2742 726 2830 οὐχ
736 2740 777 2812 δν
789 2739 832 2812 άν
842 2745 941 2834 τάχη,
959 2743 1042 2814 ἄλλά

92 2841 148 2906 καί
164 2847 269 2907 δῦσαι
285 2843 340 2908 καὶ
354 2848 572 2928 καθαρθῆναι
585 2843 640 2910 καὶ
656 2840 729 2911 ἄλλ’
749 2841 830 2911 άττα
842 2843 1009 2931 διῄρηκεν,
1021 2840 1043 2910 δι’

92 2935 154 3024 χρὴ
165 2946 309 3026 ποιῆσαι,
321 2937 444 3027 ὀρθάς,
459 2931 487 3008 ά
498 2937 808 3028 άνδρεςἈθηναίοι,
820 2939 1040 3008 πάνταταῦτα

47 3052 76 3106 ῖ3
92 3042 199 3124 λέγων
219 3034 236 3103 ὁ
254 3037 365 3124 νόμος.
398 3041 454 3108 καὶ
465 3038 529 3126 γάρ
541 3037 578 3108 τό
589 3047 658 3107 των
669 3037 837 3108 ἀκουσίων
848 3039 969 3108 ἐλάττω
980 3039 1042 3127 τὴν

93 3132 287 3222 τιμωρίαννῖ
296 3145 365 3205 των
375 3140 537 3208 ἑκουσίων
548 3136 640 3218 τάξαι
652 3143 798 3223 δίκαιον,
819 3140 874 3206 καί
884 3136 921 3205 τὸ
934 3162 1043 3225 παρα-

94 3232 205 3320 σχόντ’
218 3227 403 3319 άσφάλειαν
414 3234 573 3305 ἀπελθεῖν
582 3233 670 3304 οὕτω
681 3233 895 3320 προστάττειν
906 3236 1043 3322 φεύγειν

94 3332 206 3417 ὀρθῶς
222 3336 311 3401 ἐστιν
322 3337 415 3420 ἔχον,
437 3337 492 3404 καὶ
501 3333 538 3402 τό
549 3335 610 3404 τόν
620 3331 774 3403 κατιόνθ’
789 3331 906 3404 ὁσιοῦν
915 3337 971 3404 καὶ
981 3363 1043 3404 κα-

93 3437 275 3516 θαίρεσθαι
291 3439 441 3518 νομίμοις
455 3434 536 3517 τισὶ,
559 3434 615 3502 καὶ
630 3429 668 3500 τδ
683 3429 762 3512 τούς
772 3431 898 3519 νόμους
907 3439 1052 3518 κυρίους
