2370 3854
154 182 215 246 198
352 185 449 242 XXIII.
480 182 904 245 ΔΗΜΟΣΘΕΝΟῬΣ

96 370 143 429 179
236 341 334 414 Μετά
350 352 455 411 ταῦτα
471 351 587 412 τοίνυν
605 341 688 411 ὅσον
703 347 764 431 μὲν
783 345 906 431 χρόνον
924 344 944 433 ἡ
963 345 1107 434 ὑμετέρα

154 446 296 531 δύναμις
306 451 416 530 παρηυ
428 445 464 511 έν
471 439 718 531 Ἑλλησπόντῳ,
729 445 923 513 κολακεύων
933 448 990 515 καὶ
1000 474 1108 533 φευα-

153 551 253 626 κίζωυ
263 540 351 630 ύμάς
362 544 570 627 διαγέγονεν·
593 544 663 609 ἐπεὶ
675 540 707 608 δ’
722 541 787 609 εἶδε
804 543 941 629 τάχιστα
957 543 1020 613 τδν
1031 543 1108 615 Ἑλ-

153 645 341 730 λήσποντον
352 647 477 727 ἔρημον
489 640 672 726 δυνάμεως,
680 638 787 718 εὐθύς
797 643 951 726 ἐνεχείρει
961 645 1109 713 καταλύ-

154 763 213 822 σας
223 746 279 812 καί
290 740 480 820 ἀπαλλάξας
490 737 569 818 τούς
581 740 642 807 δύο
653 745 713 827 τῆς
722 736 824 826 ἀρχῆς
834 747 947 809 πάσαν
958 737 1014 828 ὑφ’
1028 744 1108 811 ἑαυ-

153 851 202 931 τῷ
212 843 420 929 ποιήσασθαι
431 838 493 926 τὴν
504 837 627 925 ἀρχὴν,
649 843 735 929 ἔργῳ
753 853 870 923 πείραυ
881 843 965 925 έχων
976 838 1107 910 ὅτιτῶν

154 941 237 1027 πρδς
248 939 335 1026 ὑμᾶς
347 937 447 1007 ούδδν
457 936 501 1024 μὴ
516 942 652 1026 δυνηθῄ
663 935 827 1023 πρότερον
838 944 954 1022 λύσαι,
972 940 1053 1024 πρὶν
1063 937 1108 1009 ἄν

93 1040 276 1127 ιθοέκβάλη
286 1039 435 1116 τούτους.
464 1041 521 1104 ἵνα
532 1033 565 1104 δ’
579 1033 623 1115 ὡς
633 1039 738 1125 ρηῖστα
748 1043 847 1104 τούτο
859 1037 1025 1124 περάνειε,
1040 1038 1108 1126 λη’-

155 1144 403 1224 φισματοιοδτο
423 1134 498 1219 παρ’
509 1133 608 1221 ὑμῶν
627 1132 759 1220 εὕρετο,
783 1139 815 1215 ἐξ
833 1128 877 1203 ού
893 1138 1108 1223 κυρωθέντος

154 1232 208 1320 άυ,
221 1242 251 1304 εί
262 1237 306 1322 μὴ
327 1231 366 1302 δι’
379 1232 465 1321 ἡμᾶς
480 1236 536 1300 καὶ
551 1231 676 1320 ταύτην
694 1230 758 1319 τὴν
775 1231 927 1320 γραφὴν,
949 1231 1106 1322 ἠδίκηντο

154 1337 216 1422 μὲν
227 1341 381 1422 φανερῶς
391 1337 426 1402 οί
436 1334 497 1402 δύο
509 1340 579 1400 τοῖν
589 1338 762 1421 βασιλέων,
774 1331 917 1420 ἡσυχίαν
928 1331 961 1403 δ’
969 1330 1013 1403 ἄν
1022 1328 1109 1423 ἦγον

155 1441 190 1505 οί
198 1442 459 1522 στρατηγοῦντες
472 1431 594 1519 αὐτοῖς,
607 1430 625 1500 ὁ
636 1431 790 1519 Βιάνωρ,
802 1430 820 1501 ὁ
833 1440 966 1520 Σίμων,
979 1431 1110 1522 δἈθη-
1119 1457 1164 1513 63]

155 1538 320 1622 νόδωρος,
343 1534 550 1621 φοβούμενοι
568 1529 631 1618 τὴν
643 1529 697 1599 διά
714 1540 776 1599 τοῦ
785 1539 996 1619 ψηφίσματος
1006 1556 1111 1602 συκο-

156 1640 312 1720 φαντίαν,
324 1630 342 1702 ὁ
355 1635 391 1702 δέ
402 1631 523 1718 ταύτης
534 1637 593 1716 της
604 1633 752 1727 ἐξουσίας
763 1628 955 1710 άπολαύσας
971 1636 1028 1701 καὶ
1044 1640 1112 1700 πᾶ-

156 1755 220 1801 σαν
242 1729 297 1817 ὑφ’
314 1729 405 1823 αὑτῷ
426 1728 539 1817 λαβών
559 1728 621 1815 τὴν
643 1727 749 1815 άρχηυ
771 1728 907 1816 ίσχυρδς
928 1727 972 1798 άν
990 1730 1112 1818 ἐχθρὸς

156 1830 305 1919 ὑπῆρχεν
317 1829 406 1916 ύμίυ.

96 1947 146 2003 181
231 1929 320 2015 Ἔχει
333 1927 364 1995 δ’
378 1924 581 2015 ὁρμητήριον
597 1928 687 2013 παρὰ
705 1930 814 1997 πάντα
832 1929 895 2000 τδυ
910 1929 1035 2019 χρόνον
1047 1928 1114 1999 αύ-

155 2037 203 2119 τῷ
213 2032 435 2114 τετηρημένον
444 2025 507 2113 την
517 2033 721 2113 Καρδιανῶν
732 2030 847 2117 πόλιν,
866 2026 1113 2116 ἣνένάπάσαις

155 2128 295 2214 μὲνταίς
307 2126 496 2213 συνθήκαις
512 2130 679 2215 ἐξαίρετον
700 2125 792 2217 αύτῷ
811 2136 974 2217 γέγραφε,
998 2130 1034 2199 τὸ
1057 2156 1115 2198 τε·

154 2235 308 2296 λευταίου
325 2225 362 2294 δὲ
378 2229 433 2295 καὶ
449 2235 603 2314 φανερῶς
621 2225 727 2314 αύτην
743 2226 895 2313 ἀφείλετο
914 2226 988 2314 παρ’
1004 2225 1112 2316 ὑμῶν.

155 2333 261 2395 καίτοι
272 2339 340 2405 τοῖς
352 2325 616 2414 ἀπηλλαγμένοις
627 2326 688 2414 μὲν
703 2335 766 2395 τού
782 2332 856 2412 περὶ
874 2324 971 2415 ἡμῶν
982 2355 1014 2397 τι
1024 2353 1115 2415 φρο-

155 2439 226 2492 νετν
244 2426 379 2508 ἄδικον,
402 2427 484 2512 μετὰ
502 2428 609 2513 πάσης
628 2425 659 2492 δ’
673 2424 831 2513 ἀληθείας
849 2424 961 2506 ἁπλῶς
978 2424 1114 2497 εύνοείν

154 2522 235 2610 ἡμίν
245 2522 422 2611 ᾑρημένοις
433 2531 467 2591 τί
474 2532 643 2611 προσῆκεν
660 2523 772 2603 αύτοϊς
789 2523 992 2612 ὁρμητήριον
1008 2551 1115 2593 κατα-

98 2648 148 2702 182
157 2629 265 2692 λιπείν
276 2625 439 2710 χρήσιμον
449 2630 511 2692 τοῦ
521 2620 700 2710 πρὸςὴμάς
710 2625 872 2709 πολέμου;
894 2633 963 2692 ίστε
972 2623 1038 2712 γάρ
1050 2623 1115 2713 δή·

157 2745 223 2789 που
234 2730 351 2808 τοῦτο,
374 2722 477 2806 οἱμὲν
488 2718 667 2807 άφιγμένοι
678 2730 811 2809 σαφῶς,
834 2726 869 2789 οί
878 2719 910 2790 δ’
923 2721 1020 2791 ἄλλοι
1029 2748 1113 2793 του·

156 2845 225 2886 των
235 2819 425 2905 άκούοντες,
438 2819 489 2887 ὅτι
499 2826 556 2905 τῆς
569 2825 769 2903 Καρδιανῶν
780 2821 908 2902 πόλεως
919 2823 1057 2909 ἐχούσης
1068 2819 1114 2902 ὥς

157 2924 237 3004 ἔχει,
260 2922 290 2985 εί
307 2916 481 3003 γενήσεται
497 2915 537 2984 τά
555 2914 640 3003 πρὸς
654 2916 734 2996 τούς
753 2926 886 3007 Θρᾷκας
904 2918 1048 3008 εὐτρεπῆ
1064 2928 1114 3012 τῷ

157 3022 412 3104 Κερσοβλέπτῃ,
434 3013 506 3100 παρ’
519 3012 647 3102 ἡμέραν
663 3021 788 3096 ἔξεστιν
804 3015 895 3108 αύτῷ
904 3024 1049 3106 βαδίζειν
1059 3020 1114 3089 ἐπὶ

157 3119 375 3206 Χερρόνησον
392 3115 559 3203 άσφαλως.
596 3115 707 3201 ὥσπερ
724 3114 789 3202 γάρ
807 3121 932 3197 Χαλκίς
952 3126 1000 3207 τῷ
1016 3118 1110 3210 τάπφ

156 3226 214 3304 τῆς
223 3217 370 3304 Εὐβοίας
380 3213 462 3305 πρδς
473 3225 531 3304 τῆς
539 3225 699 3295 Βοιωτίας
710 3230 824 3305 κεῖται,
836 3216 924 3286 οὕτω
937 3218 1114 3307 Χερρονή-

158 3337 222 3380 σου
237 3329 343 3383 κείται
360 3315 442 3403 πρὸς
459 3325 517 3404 τῆς
529 3317 664 3406 Θράκης
679 3314 915 3402 ἡΚαρδιανῶν
931 3315 1035 3397 πόλις.
1066 3314 1113 3407 ἢν

159 3409 200 3478 ὁύ
210 3415 275 3496 ἔχει
285 3414 389 3482 τόπον
400 3414 491 3494 ὅστις
501 3415 593 3485 οἶδεν
604 3413 710 3501 ὑμῶν,
723 3414 797 3483 οὐδ’
812 3414 906 3485 έκείύ
919 3415 1050 3505 άγνοεί,
1059 3422 1115 3485 τί·
