2370 3854
140 185 202 250 472
328 189 450 245 XXXIX.
492 183 909 247 ΔΗΜΟΣΘΕΝΟΥΣ

141 355 200 433 λῆς
216 346 290 415 τότε
306 365 360 413 σοι
376 344 556 431 προσήκειν
567 342 654 432 ἡγοῦ
664 353 722 430 τῆς
734 348 827 431 ἐμῆς,
850 356 920 426 ποῦς
931 342 975 415 δν
984 355 1047 416 τοῦ
1057 372 1096 435 γε
1106 370 1175 425 lom

99 459 133 514 29
141 446 280 514 πάππου
292 451 352 513 τοῦ
364 448 446 531 ἐμοῦ
457 443 689 531 ήμφισβήτεις;
705 449 752 512 ἔτι
764 443 809 527 δ’,
828 437 855 511 οδ
867 443 986 530 ἄνδρες
995 444 1097 533 Ἀθη-

140 559 243 628 ναῖοι,
266 542 325 611 τὸν
341 547 402 630 μὲν
418 552 486 611 τῶν
502 546 586 610 ἐτῦν
604 540 751 628 ιἰριθμόν
762 541 871 623 οὐδείς
882 542 971 613 οἶδεν
984 541 1096 631 ὑμῶν·

141 642 204 729 ἐγώ
222 643 283 730 μὲν
293 642 357 730 γὰρ
367 646 439 729 ἐμοὶ
451 648 604 728 πλείονα,
627 634 724 720 οὗτος
737 640 767 710 δ’
782 645 889 731 ἑαυτῷ
899 643 1014 729 φήσει·
1036 642 1098 712 τόν

142 742 177 811 δὲ
194 751 255 810 τοῦ
273 747 403 810 δικαίου
420 742 522 826 λόγον
533 739 677 820 ἅπαντες
688 744 876 809 ἐπίστασθε.
911 748 978 810 ἔστι
990 741 1021 810 δ’
1035 735 1097 811 οὗ·

140 869 195 920 τος
205 847 253 919 τίς
260 869 270 921 ;
282 838 342 926 ἀφ’
357 832 400 909 οῦ
408 845 526 919 παῖδας
535 840 711 926 ἐποιήσατο
719 840 859 919 τούτους
870 838 888 909 ὃ
900 840 1017 928 πατὴρ,
1030 839 1094 911 ἀπὸ

140 940 263 1009 τούτου
280 942 335 1008 καὶ
354 946 553 1025 νομίζεσθαι.
586 939 750 1025 πρότερον
768 947 885 1007 τοίνυν
895 939 950 1027 ἐμὲ
962 946 1007 1019 είς
1018 938 1098 1020 τοῦς

141 1039 284 1127 δημότας
295 1041 455 1125 ἐνέγραψε
467 1045 676 1124 Μαντίθεον,
688 1040 767 1124 πρὶν
779 1044 965 1123 εἰσαγαγεῖν
976 1048 1097 1108 τοῦτον

141 1143 187 1216 είς
197 1132 276 1215 τούς
286 1138 462 1223 φράτερας.
486 1134 564 1204 ὥστ’
577 1135 619 1205 ού
629 1146 676 1228 τῷ
685 1137 795 1228 χρόνῳ
807 1137 930 1224 μόνον,
944 1137 1027 1207 α’ίλοὶ
1040 1143 1095 1206 καὶ

141 1244 187 1324 τῷ
199 1240 314 1324 δικαίφ
324 1243 501 1323 πρεσβεῖον
510 1234 607 1322 ἔχοιμ’
622 1232 666 1303 σίν
677 1235 739 1322 ίγοδ
751 1236 899 1324 τούνομα
909 1235 995 1305 τοῦτ’
1006 1236 1095 1305 είκί-

98 1347 213 1413 δοτως.
238 1332 311 1401 είεν.
343 1340 374 1402 εί
383 1337 422 1403 δέ
429 1341 477 1413 τίς
488 1332 520 1401 σ’
534 1341 641 1421 ἔροιτο
650 1333 743 1403 “είπε’
750 1362 823 1423 μοι,
834 1336 974 1421 Βοιωτὲ,
986 1336 1096 1404 πόθεν

137 1431 1096 1522 “νῦνἈκαμαντίδοςφυλῆςγέγοναςκαίτῦνδήμωνῦορί-

139 1531 230 1612 “κιος
247 1535 302 1602 καὶ
312 1532 385 1612 υίὸς
397 1540 570 1618 Μαντίου,
592 1536 648 1601 καί
659 1531 695 1601 τὸ
708 1538 806 1621 μέρος
816 1540 885 1601 τῶν
896 1530 955 1600 ὑπ’
968 1537 1096 1603 ἐκείνου

137 1630 452 1718 “καταλειφθίντοιν
471 1630 586 1719 ἔχεις,”
620 1630 720 1700 ούδὲν
736 1630 779 1699 ι’ίν
795 1629 869 1701 ἄλλ’
891 1637 975 1718 ἔχοις
992 1638 1097 1700 είπεῖν

142 1731 230 1818 πλὴν
242 1729 293 1800 ὅτι
303 1729 386 1818 κάμὲ
396 1736 461 1813 ξῦν
470 1731 645 1817 ἐποιήσατο
653 1737 814 1809 Μαντίας.
830 1738 865 1798 τί
869 1730 1057 1817 τεκμήριον,
1068 1741 1101 1800 εί

141 1836 187 1907 τίς
206 1850 243 1896 σε
261 1833 384 1914 ἔροιτο,
407 1824 429 1916 ἢ
447 1829 631 1914 μαρτύριόν
647 1831 718 1897 ἐστί
731 1849 784 1896 σοι
800 1829 939 1909 τούτους
961 1836 1007 1907 είς
1017 1827 1096 1907 τούς

142 1926 310 2010 φράτεράς
320 1951 360 2010 με
373 1927 541 2010 είσήγαγε,
556 1927 695 2009 φήσειας
706 1923 758 1992 ι’ίν.
791 1931 826 1992 τί
834 1919 897 1992 οὖν
909 1948 946 1992 σε
957 1931 1094 2010 ἐνέγρα-

142 2039 205 2105 ψεν
215 2023 330 2110 ὄνομα,
344 2032 376 2090 εί
381 2049 429 2102 τις
440 2027 557 2107 ἔροιτο,
566 2020 715 2090 Βοιωτὸν
725 2017 769 2089 ἂν
780 2031 898 2101 είποις·
918 2029 1016 2090 τοῦτο
1027 2020 1093 2107 γὰρ

99 2146 134 2201 31
143 2123 306 2210 εἰσήχθης.
325 2118 452 2190 ούκοῦν
461 2118 573 2189 δεινὸν
582 2127 613 2190 εί
619 2129 676 2207 τῆς
687 2123 748 2209 μὲν
758 2121 885 2200 πόλεως
895 2124 950 2191 καί
961 2129 1028 2190 τῦν
1039 2117 1093 2188 ὑπ’

143 2227 272 2291 ἐκείνου
292 2223 584 2308 καταλειφθέντων
607 2218 660 2289 διοὶ
682 2221 830 2309 ’τούνομα
850 2230 947 2290 τοῦτο
968 2223 1097 2309 μέτεστί

143 2342 212 2406 σοι,
239 2329 337 2388 τοῦτο
354 2317 386 2387 δ’
404 2317 506 2400 ἀξιοῖς
524 2318 619 2406 ἀφείς
630 2322 744 2405 ἕτερον
755 2326 962 2408 μεταθέσθαι
973 2328 1092 2411 σαυτῷ.

144 2418 231 2504 φέρ’,
255 2429 286 2487 εί
294 2415 359 2487 σεὸ
377 2417 484 2506 πατὴρ
496 2417 665 2501 ἀξιώσειεν
675 2415 851 2506 ἀναστὰςῆ
862 2423 976 2505 μένειν
986 2417 1040 2504 ἐφ’
1054 2411 1097 2487 οῦ

143 2539 180 2586 σε
191 2515 291 2597 αὐτὸς
309 2517 484 2605 ἐποιήσατο
502 2515 665 2605 ὀνόματος
682 2514 705 2606 ἢ
723 2514 836 2601 πατέρ’
855 2517 956 2585 ἄλλον
972 2525 1098 2585 σαυτοῦ

143 2614 287 2704 φάσκειν
298 2616 393 2704 εἶναι,
405 2610 461 2704 ἆρ’
474 2615 537 2686 ούκ
547 2613 591 2688 ῦν
601 2621 716 2706 μέτρια
728 2615 843 2698 ἀξιοῦν
855 2620 982 2700 δοκοίης
993 2613 1097 2682 ταύτὰ

144 2723 260 2783 τοίνυν
270 2725 374 2784 ταῦτα
384 2717 450 2803 ἐγώ
463 2739 500 2785 σε
511 2717 602 2804 οἶξιῦ,
615 2714 637 2805 ἦ
648 2715 772 2803 πατρὸς
782 2714 886 2784 ἄλλον
898 2712 1022 2782 σαυτὸν
1033 2739 1098 2781 πα-

101 2816 339 2901 θοραγροίφειν,
351 2811 373 2900 ἦ
383 2815 532 2901 τοῦνομα
541 2813 786 2902 ίχεινδίκείνος
795 2816 965 2882 ἔδωκε’σοι.
983 2810 1096 2900 νὴΔί,

144 2912 219 2983 ἄλλ’
232 2913 328 3001 ὕβρει
336 2915 392 2982 καὶ
401 2915 535 3004 ἐπηρείᾳ
544 2917 609 2983 τινί
618 2922 715 2984 τούτο
727 2917 824 3000 ἐτέθη
837 2932 897 2980 σοι.
919 2909 1002 2980 ἀλλὰ
1013 2921 1097 2980 πολ·
1109 2914 1176 2969 1004

142 3016 237 3094 λοίκις
245 3014 316 3102 μὲν,
329 3011 374 3083 ὅτ’
388 3013 451 3083 ούκ
458 3017 598 3084 ἐποιεῖτο
609 3013 627 3083 ὁ
638 3014 745 3102 πατὴρ
754 3012 903 3098 τούτους,
911 3017 1027 3097 ἔλεγον
1034 3003 1097 3080 ού-

143 3143 193 3185 τοι
212 3113 255 3195 ὡς
272 3113 373 3184 οὐδὲν
388 3121 519 3202 χείρους
536 3118 619 3184 είσὶν
638 3119 672 3184 οί
688 3123 746 3202 τῆς
763 3110 886 3201 μητρὸς
901 3119 959 3198 τῆς
975 3110 1096 3179 τούτου

144 3228 314 3301 συγγενεῖς
324 3221 392 3281 τῦν
404 3222 466 3282 τοῦ
475 3213 599 3299 πατρὸς
608 3223 670 3283 τοῦ
681 3217 772 3300 ἐμοῦ.
800 3219 868 3281 ἔστι
879 3209 912 3281 δ’
923 3209 941 3280 ὁ
952 3207 1098 3289 Βοιωτὸς

142 3311 292 3399 ἀδελφοῦ
302 3320 360 3400 τῆς
369 3313 491 3381 τούτου
502 3314 624 3401 μητρὸς
635 3313 750 3399 ὄνομα.
784 3310 895 3399 ἐπειδὴ
908 3308 938 3378 δ’
954 3310 1097 3395 είσοίγειν

144 3407 161 3478 ὁ
191 3409 297 3497 πατὴρ
322 3411 463 3490 τούτους
483 3410 699 3499 ἠναγκάζετο,
730 3413 813 3497 ἐμοῦ
834 3412 1098 3496 προεισηγμένου
