2370 3854
339 190 481 250 ΠΡΟΣ
507 191 616 251 ΛΕΠ
621 193 714 253 TIN
720 194 803 253 HN.
1009 194 1049 257 ll.

92 347 255 433 προσήκει
264 373 401 434 τροπον,
418 351 480 417 είσὶ
498 348 595 435 νόμοι
612 349 689 417 καθ’
700 348 760 430 οὓς
776 354 937 440 προσήκει
947 354 1042 421 κολά·

93 454 169 527 ζειν.
194 445 250 513 ὅτε
263 445 298 513 δὲ
307 452 406 513 τοῦτο
418 444 463 533 μη
476 455 643 533 ποιοῦσιν,
662 445 741 515 οῦδὲ
751 447 812 517 τάν
823 449 925 535 λόγον
937 447 1050 528 αὐτοῖς

49 552 215 613 ῖῖιτοῦτον
230 547 373 612 λεκτέον.
422 543 562 632 καὶμὴν
584 548 659 631 περὶ
680 554 742 613 τοῦ
764 573 802 631 γε
818 545 861 633 μὴ
875 547 1049 635 εἷναιχρη-

92 669 180 728 ματα
191 644 288 711 κοινά
300 651 342 732 τῇ
352 643 446 711 πόλει
457 641 550 711 ἐκεῖν’
565 642 652 728 ὑμᾶς
664 648 718 711 δεῖ
725 659 874 730 σκοπεῖν,
886 643 938 713 ὅτι
948 644 1048 713 οῦδὲν

92 739 454 826 ἑσεσθέῦποράτεροι,
471 742 531 821 τάς
551 740 698 820 ἀτελείας
724 742 783 809 ἐὰν
794 741 981 828 ἀφέλησθε·
1005 730 1048 810 οὗ

92 840 158 925 γάρ
169 854 403 919 κοινωνεῖταῖς
413 845 583 928 δημοσίαις
594 841 771 926 προσόδοις
781 845 837 909 καὶ
847 848 1051 925 περιουσίαις

92 947 200 1006 ταῦτα
220 936 551 1026 τάναλάματόἀδέν.
588 941 687 1025 χωρὶς
706 941 742 1009 δὲ
761 941 891 1009 τούτων
912 945 988 1008 νυνὶ
1009 947 1049 1027 τῇ

93 1037 206 1121 πόλει,
229 1042 325 1107 δυοῖν
346 1038 492 1124 ἀγαθοῖν
513 1038 644 1123 ὄντοιν,
666 1040 814 1107 πλούτου
830 1042 956 1109 καὶτοῦ
967 1036 1050 1123 πρὸς

93 1135 244 1215 ἅπαντας
260 1138 493 1221 πιστεύεσθαι,
515 1139 582 1205 ἐστὶ
598 1136 636 1204 τὸ
655 1145 713 1223 τῆς
730 1143 869 1216 πίστεως
885 1135 1048 1223 ὑπάρχον.

93 1239 126 1301 εἰ
135 1237 176 1301 δέ
182 1259 232 1312 τις
242 1245 345 1303 οῖεται
357 1240 444 1320 δεῖν,
457 1233 509 1301 ὅτι
519 1231 652 1319 χρήματ’
663 1231 726 1300 οῦκ
736 1239 870 1320 ἔχομεν,
892 1237 976 1323 μηδὲ
987 1234 1050 1301 δό-

94 1338 156 1413 ξαν
165 1338 253 1419 ἔχειν
272 1330 359 1421 ἡμᾶς
377 1330 540 1421 χρηστὴν,
562 1330 603 1398 ου’
619 1340 729 1410 καλῶς
745 1348 873 1417 φρονεῖ
906 1333 970 1418 ἐγώ
988 1333 1049 1418 μὲν

92 1429 159 1517 γάρ
168 1430 307 1517 εὔχομαι
317 1447 385 1510 τοῖς
398 1440 492 1508 θεοῖς
501 1431 642 1516 μάλιστα
653 1429 715 1515 μὲν
733 1427 816 1516 ἡμῖν
832 1432 888 1499 καὶ
898 1431 1048 1517 χρήματα

94 1526 201 1597 πολλὰ
211 1533 387 1614 γενέσθαι,
400 1535 431 1597 εί
440 1529 476 1597 δὲ
487 1530 549 1615 μὴ,
571 1529 612 1596 τό
621 1554 660 1614 γε
676 1543 804 1607 πιστοῖς
820 1528 973 1599 εἶναικαὶ
989 1538 1047 1618 βε-

94 1632 202 1713 βαίοις
212 1632 326 1696 δοκεῖν
336 1632 513 1714 διαμένειν.

54 1735 86 1790 26
179 1728 266 1811 Φέρε
277 1725 318 1811 δη
329 1728 385 1793 καὶ
394 1723 453 1803 τάς
469 1724 643 1811 εὐπορίας,
661 1721 700 1804 ἀς
711 1722 987 1812 ἀναπαυομένους
997 1754 1048 1795 τι·

96 1821 155 1900 νάς
165 1819 367 1909 εὐπορήσειν
378 1814 473 1890 οὗτοι
483 1822 668 1908 φήσουσιν,
691 1829 737 1900 είς
753 1825 831 1890 δέον
841 1820 922 1909 ὑμῖν
932 1851 1048 1912 γιγνο-

92 1927 196 2010 με’νας
204 1925 309 2000 δείξω.
343 1918 486 2005 ῖστεγάρ
498 1919 607 2006 δήπου
623 1919 729 2006 τοῦδ’,
749 1920 800 1989 ὅτι
810 1930 878 1990 νῦν
889 1948 1048 2011 τριηραρ-

91 2028 175 2107 χιῶν
194 2018 304 2098 οάδείς
325 2017 393 2087 ἐστ’
408 2016 525 2105 ἀτελὴς
546 2017 625 2086 οὐδὲ
645 2026 715 2086 τοῖν
733 2026 903 2106 εἰσφοραῖν
918 2031 987 2090 τείν
1002 2033 1048 2102 είς
1059 2037 1110 2091 465

92 2116 154 2187 τάν
164 2116 320 2203 πόλεμον.
341 2114 498 2185 οάκοῦνὸ
511 2115 617 2186 πολλά
629 2123 828 2204 κεκτημένος
838 2112 948 2206 οὗτος,
960 2118 1050 2199 ὅστις

93 2211 138 2283 ἀν
146 2208 180 2304 ᾗ,
202 2214 310 2284 πολλά
324 2222 370 2295 είς
389 2224 494 2283 ταῦτα
517 2225 681 2283 συντελεῖ·
710 2224 799 2283 πᾶσα
821 2215 960 2303 ἀνάγκη.
994 2221 1049 2284 καὶ
1127 2216 1130 2221 ’

95 2312 162 2399 μὴν
171 2311 225 2381 ὅτι
236 2313 358 2399 δεῖτὴν
368 2312 532 2397 εὐπορίαν
543 2319 589 2390 εἰς
605 2310 700 2379 ταῦθ’
714 2311 875 2398 ὑπάρχειν
893 2321 1049 2399 πλείστην

95 2422 136 2501 τῇ
145 2413 250 2497 πόλει,
262 2413 384 2492 πάντες
396 2411 440 2481 ἀν
449 2410 706 2501 ὁμολογήσειαν·
729 2413 818 2499 παρά
836 2416 897 2500 μὲν
912 2413 976 2500 γάρ
991 2414 1049 2494 τάς

94 2514 148 2580 ἐπὶ
170 2518 240 2579 τῦν
260 2521 428 2598 χορηγιῶν
449 2513 599 2591 δαπάνας
618 2508 742 2599 ἡμέρας
768 2518 866 2599 μέρος
887 2514 1008 2601 μικρὸν
1027 2513 1047 2601 η

94 2610 188 2695 χάρις
196 2626 266 2690 τοῖς
276 2615 459 2696 θεωμένοις
468 2610 581 2698 ἡμῶν,
604 2609 695 2697 παρὰ
713 2611 749 2679 δὲ
767 2610 825 2690 τάς
840 2620 909 2681 τῶν
926 2619 973 2692 είς
989 2612 1049 2681 τὸν

94 2707 243 2795 πόλεμον
263 2718 485 2795 παρασκευῶν
505 2707 674 2794 ἀφθονίας
694 2707 803 2776 πάντα
819 2706 879 2776 τόν
894 2707 1048 2796 χρόνονὴ

54 2814 87 2871 2⁷
95 2813 242 2892 σωτηρία
262 2807 355 2894 πάση
375 2816 417 2896 τῇ
437 2809 540 2876 πόλει.
586 2804 669 2874 ὥσθ’
690 2805 774 2876 ὅσον
791 2806 909 2876 ἐνθάδ’
923 2807 1047 2894 ἀφίετε,

94 2907 164 2973 ἐκεῖ
180 2911 373 2992 κομίζεσθε,
396 2911 451 2974 καί
473 2910 581 2973 δίδοτε
604 2909 641 2973 ἐν
663 2914 758 2993 τιμῆς
779 2911 870 2992 μέρει
890 2913 1004 2986 ταῦτα,
1026 2902 1049 2969 ἀ

94 3004 150 3071 καὶ
160 3002 206 3088 μη
218 3008 380 3089 λαβοῦσιν
391 3009 481 3071 ἔστιν
493 3010 579 3090 ἔχειν
593 3019 664 3084 τοῖς
679 3015 740 3074 τοῦ
756 3017 965 3089 τριηραρχεῖν
975 3001 1049 3082 ἀξια
1126 3086 1129 3093 Ι

94 3106 315 3189 κεκτημένοις.
357 3100 441 3170 ἀλλά
462 3100 531 3189 μὴν
548 3101 601 3171 ὅτι
621 3113 689 3173 τῶν
700 3106 922 3189 τριηραρχιῶν
939 3095 1050 3178 οάδείς

94 3197 165 3267 ἐστ’
188 3197 322 3288 ἀτελὴς,
344 3200 435 3287 οἶμαι
456 3202 518 3288 μὲν
540 3201 628 3289 ὑμᾶς
648 3204 768 3269 εἰδέναι
789 3196 932 3284 πάντας,
960 3197 1049 3284 ὅμως

95 3298 133 3367 δὲ
152 3298 290 3369 καὶτὸν
317 3300 424 3386 νόμον
453 3298 535 3387 ὑμῖν
556 3297 660 3366 αὐτὸν
683 3295 921 3378 ἀναγνώσεται.
969 3294 1048 3378 λαβὲ
