2370 3854
167 187 231 248 324
367 188 476 245 xxvu.
498 183 919 245 ΔΗΜΟΣΘΕΝΟῬΣ

170 372 235 431 ρες,
247 340 392 430 ἀπέσχετ’
407 340 451 412 άν
462 341 538 423 έξδν
549 341 640 431 αὐτῷ
651 349 781 430 λαβεϊν;
803 345 858 410 ααλ
869 350 918 423 τίς
927 338 974 411 άν
984 342 1129 413 πιστεά-

169 466 274 522 σειεν;
300 442 364 512 οὐκ
376 448 444 511 ἔστι
453 439 562 527 ταῦτ’,
586 436 742 528 ώάνδρες
754 443 921 527 δικασταὶ,
944 440 1009 511 οὖν
1020 448 1127 530 ἔστιν,

169 540 254 610 ἀλλὰ
266 538 307 609 τά
320 542 383 628 μὲν
391 538 545 628 χρήμαθ’,
567 539 631 609 ὅσα
647 537 850 609 αατέλιπενὸ
863 539 989 627 πατὴρ,
1011 542 1127 611 πάντα

169 641 299 719 τούτοις
315 644 525 726 παρέδωκεν,
547 629 645 718 οὗτος
661 637 707 721 δ’,
729 635 770 705 ἵν’
780 630 883 724 ἦττον
897 640 1029 724 έλεηθῶ
1046 638 1124 727 παρ’

169 737 259 825 ὑμῖν,
270 739 402 817 τούτοις
411 752 480 817 τοῖς
490 737 602 824 λόγοις
610 738 774 824 χρήσεται.

129 871 162 925 58
252 851 366 920 Πολλά
377 851 438 937 μὲν
456 842 519 918 οὖν
535 848 627 936 ἔγωγ’
641 857 702 936 ἔχω
713 853 768 919 καλ
784 848 869 919 άλλα
885 851 1009 920 τούτου
1018 876 1127 939 κατη-

169 964 298 1035 γορεῖν·
326 952 365 1015 ἓν
383 951 420 1017 δὲ
440 950 514 1033 περὶ
532 946 667 1015 πάντων
687 948 872 1034 κεφάλαιον
891 945 997 1017 είπών
1014 949 1125 1029 πάσας

171 1047 278 1115 αὐτοῦ
293 1045 441 1116 διαλύσω
456 1044 516 1126 τάς
532 1045 721 1132 άπολογίας.
753 1046 861 1136 τούτῳ
878 1044 943 1132 γάρ
963 1050 1041 1133 ἐξῆν
1058 1074 1125 1135 μη-

170 1147 229 1213 δὲν
238 1151 324 1230 ἔχειν
334 1145 464 1213 τούτων
474 1153 543 1214 τών
559 1146 765 1232 πραγμάτων
779 1145 990 1232 μισθώσαντι
999 1143 1125 1215 τδνοί-

170 1271 233 1312 κον
244 1243 330 1313 κατά
341 1247 496 1315 τουτουσὶ
505 1245 585 1324 τούς
593 1246 728 1330 νόμους.
751 1241 1124 1332 λαβὲτοδςνάμονςασδ

170 1340 357 1432 ἀνάγνωθι.

563 1487 730 1550 ΝΟΜΟΙ.

253 1618 347 1685 Κατὰ
360 1621 499 1698 τούτους
509 1617 589 1698 τούς
600 1618 725 1702 νόμους
733 1615 917 1707 Ἀντιδώρω
927 1618 991 1702 μὲν
1000 1619 1039 1685 έιι
1052 1644 1125 1703 τρι-

170 1725 219 1785 ών
228 1715 401 1784 ταλάντων
416 1719 471 1786 ιιαλ
486 1721 675 1801 τρισχιλίων
690 1718 729 1783 έν
747 1719 781 1795 ἓξ
794 1720 902 1783 ἔτεσιν
921 1718 956 1795 ἓξ
977 1716 1175 1801 τάλανταςη

168 1817 224 1882 καὶ
241 1816 343 1883 πλέον
359 1818 396 1882 έν
413 1822 474 1882 τοῦ
499 1821 716 1901 μισθωθῆναι
732 1814 922 1901 παρεδόθη,
945 1816 1001 1882 καὶ
1021 1814 1122 1885 ταῦθ’

170 1912 267 1999 ὑμῶν
277 1916 363 1992 τινὲς
374 1912 479 1980 ελδον·
503 1918 667 1999 Θεογένης
675 1911 740 1998 γάρ
752 1911 770 1982 ὁ
781 1919 1014 2001 Προβαλίσιος,
1032 1911 1053 1983 δ
1069 1942 1126 2001 μι-

170 2010 389 2098 σθωσάμενος
410 2008 518 2079 αὐτοῦ
534 2011 595 2080 τδν
605 2010 716 2096 οἶκον,
739 2013 776 2078 έν
792 2019 832 2100 τῇ
849 2009 955 2103 ἀγορᾷ
966 2019 1073 2083 ταῦτα
1081 2011 1123 2081 τδ

128 2110 320 2199 εοχρήματα
333 2112 565 2196 ἐξηράθμησεν.
598 2113 671 2197 ἐμοὶ
682 2109 714 2178 δ’
732 2114 768 2178 έα
784 2111 950 2197 τεττάρων
968 2114 1025 2180 καί
1043 2114 1125 2183 δέκα

169 2210 342 2278 ταλάντων
361 2212 398 2277 έν
416 2210 497 2277 δέκα
515 2214 601 2278 ἔτεσι
621 2208 706 2296 πρὸς
721 2208 782 2279 τδν
795 2209 920 2297 χρόνον
936 2236 971 2279 τε
988 2213 1045 2280 καὶ
1061 2208 1125 2299 τὴν

170 2313 301 2378 έαείνον
327 2316 496 2396 μίσθωσιν
516 2313 620 2379 πλέον
637 2306 660 2397 ἦ
678 2308 856 2393 τριπλάσια
873 2308 957 2378 κατά
975 2307 1014 2379 τὸ
1034 2307 1126 2389 είκδς

170 2416 343 2494 προσῆκον
353 2412 528 2494 γενέσθαι,
551 2417 650 2478 τοῦτο
662 2406 717 2477 διά
728 2415 764 2476 τί
773 2407 835 2477 οὐκ
846 2413 1019 2495 έποίησεν,
1039 2413 1127 2493 έρω-

170 2504 242 2573 τρίτ’
255 2504 368 2575 αὐτόν.
404 2513 435 2575 εί
448 2506 510 2592 μὲν
524 2508 591 2590 γάρ
608 2527 690 2592 φησι
700 2511 831 2594 βέλτιον
842 2507 926 2576 εἶναι
936 2505 980 2594 μὴ
992 2516 1127 2591 μισθω·

170 2611 275 2688 θῆναι
284 2602 345 2672 τὸν
357 2602 463 2688 οἶκον,
482 2606 618 2684 δειξάτω
630 2604 675 2691 μὴ
688 2607 843 2673 διπλάσια
853 2607 936 2693 μηδὲ
945 2602 1127 2692 τριπλάσιά

169 2729 226 2788 μοι
236 2707 450 2790 γεγενημένα,
468 2701 537 2770 ἄλλ’
550 2701 636 2770 αὐτά
646 2702 687 2771 τά
706 2703 825 2789 άρχαῖα
834 2708 906 2791 ἐμοὶ
918 2704 1027 2773 πάντα
1038 2703 1126 2773 άπα-

171 2804 341 2886 δεδομένα.
373 2797 501 2869 εἰδέα
518 2801 684 2888 τεττάρων
702 2805 758 2871 καὶ
774 2805 853 2871 δέκα
863 2802 1038 2873 ταλάντων
1051 2804 1125 2890 έμοδ

169 2899 231 2986 μέν
251 2898 330 2987 μηδ’
353 2898 581 2988 ἑβδομήκοντα
608 2908 694 2985 μνᾶς
721 2902 1011 2995 παραδεδώκασιν,
1043 2900 1124 2970 ὁδδ

169 3003 225 3067 καλ
245 2999 510 3087 προσοφείλοντά
531 3025 571 3085 με
587 2996 677 3091 αὑτῷ
698 2998 886 3087 ἀπέγραψε,
909 3008 979 3079 πώς
998 2997 1123 3068 άποδέ-

170 3104 294 3178 ξασθαί
306 3126 337 3168 τι
351 3099 511 3188 προσήκει
524 3098 654 3168 τούτων
674 3099 858 3184 λεγόντων,
887 3096 1044 3185 οὐδαμῶς
1060 3096 1123 3185 δή·

170 3208 311 3266 πονθεν.
1035 3254 1038 3259 .

127 3310 162 3364 60
256 3300 549 3390 Τοσαύτηςτοίνυν
558 3296 672 3377 οὐσίας
682 3326 738 3385 μοι
751 3300 1026 3382 καταλειφθείσης
1036 3293 1122 3380 ὅσην

169 3393 201 3468 ἕξ
217 3390 317 3479 dmg
339 3398 521 3484 ἠκούσατε,
545 3398 600 3463 καλ
612 3407 674 3465 τοῦ
687 3404 802 3483 τρίτου
819 3398 940 3483 μέρους
950 3393 1121 3478 πρόσοδον
