2370 3854
311 243 454 303 ΠΡΟΣ
472 242 768 303 ΛΕΠΤΙΝΗΝ.
977 243 1015 304 35

64 404 126 489 μὲν
144 403 208 489 χάρ
228 401 383 482 ἀναξίους
400 400 487 468 εἷναί
493 427 542 480 τις
553 400 652 486 φήσει
663 399 837 480 κάκείνους
846 410 1016 489 τιμᾶσθαι,

64 510 112 580 τίς
130 500 236 585 ἀξιος,
259 502 397 584 είπότω,
420 507 451 567 εί
459 500 540 586 μήτε
556 506 624 566 τόν
636 503 805 587 προτέρων
817 505 928 587 μηδείς
938 503 1018 588 μήτε

63 608 132 667 τῶν
144 597 311 686 ὑστέρων·
335 605 366 668 εί
374 599 410 666 δὲ
424 601 551 684 μηδένα
563 597 680 684 φήσει,
693 608 963 685 συναχθεσθείην
974 596 1018 667 ἀν

65 704 169 784 ἔχωχε
181 704 220 785 τῇ
231 696 343 783 πόλει,
357 703 386 764 εί
396 699 511 782 μηδεὶς
521 699 558 763 ἐν
569 694 691 763 ἀπαντι
701 704 747 786 τῷ
758 699 868 787 χρόνῳ
879 701 1019 783 γέγονεν

66 788 217 876 ἀξιοςεῦ
240 804 372 860 παθεῖν.
407 797 463 861 καὶ
483 792 551 881 μήν
573 806 606 862 εί
621 821 660 880 χε
675 793 849 881 ὁμολογῶν
871 799 1019 874 ἐκείνους

67 893 150 961 εἶναι
163 898 367 970 σπουδαίους
377 890 422 978 μή
434 894 652 978 τετυχηκότας
664 897 761 974 δείξει
780 894 938 982 μηδενὸς,
961 903 1019 980 τής

66 993 192 1070 πόλεως
216 991 260 1071 ὡς
282 990 462 1079 ἀχαρίστου
481 993 589 1078 δήπου
605 1008 789 1080 κατηγορεῖ.
823 993 938 1061 ἔστιδ’
958 991 1019 1078 οὐχ

66 1090 155 1159 οὕτω
169 1090 263 1158 ταῦτ’
279 1097 413 1177 ἔχοντα,
426 1089 501 1158 οὐδ’
514 1089 630 1175 όλίχου
641 1095 699 1158 δεῖ.
724 1089 799 1160 ἀλλ’
811 1094 948 1159 ε’πειδόν
958 1119 1018 1178 τις,

67 1187 175 1276 οἶμαι,
198 1198 398 1278 κακουργῶν
409 1193 461 1257 ἐπὶ
473 1188 516 1276 μή
529 1191 742 1310 προσήκοντα
753 1193 930 1279 πράγματα
941 1189 1020 1268 τοὺς

10 1290 188 1374 114λόχους
200 1294 377 1376 μεταφέρῃ,
390 1287 588 1373 δυσχερεῖς’
569 1291 699 1375 ανάχκη
712 1299 903 1376 φαίνεσθαι.
929 1288 973 1367 ὡς
984 1292 1020 1355 δε

65 1385 248 1471 τάληθές
219 1413 237 1452 τ
263 1392 327 1470 ἔχει
339 1389 394 1452 καὶ
407 1387 538 1452 δίκαιόν
550 1389 618 1452 ἐστι
629 1391 748 1473 λέγειν,
762 1387 826 1474 ἐγώ
839 1387 923 1472 πρός
934 1386 1019 1472 ὑμᾶς

66 1491 139 1574 ἐρῶ.
163 1478 267 1572 ήσαν,
284 1484 443 1571 ωανδρες
452 1483 639 1571 Αθηναῖοι
651 1488 768 1554 πολλοὶ
778 1512 845 1553 των
856 1510 1020 1573 προτερον

67 1589 260 1668 σπουδαῖοι,
280 1580 365 1669 καλή
378 1581 502 1661 πόλις
482 1590 579 1668 ημῶν
589 1586 683 1669 ἐτίμα
693 1587 748 1651 και
759 1584 833 1652 τότε
847 1582 925 1662 τούς
937 1582 1021 1668 ἀχα-

66 1683 168 1760 θοός·
192 1685 228 1748 αί
241 1683 355 1766 μέντοι
372 1683 462 1767 τιμαὶ
473 1684 528 1750 καί
539 1680 641 1750 τάλλα
653 1683 762 1749 πάντα
772 1682 812 1751 τά
822 1685 884 1770 μὲν
895 1680 964 1750 τότ’
977 1686 1020 1767 ήν

68 1784 120 1850 ἐπὶ
131 1795 199 1858 τοις
208 1804 266 1847 τοτ
269 1777 402 1864 ἔθεσι,
423 1807 463 1846 τα
453 1778 512 1848 δε
523 1788 589 1898 νήν
603 1783 655 1848 επι
665 1797 733 1860 τοις
750 1789 825 1848 νῦν.
857 1780 940 1866 πρὸς
957 1785 1021 1848 οὐν

67 1889 101 1949 τί
108 1887 206 1947 τοῦτο
217 1877 353 1964 λέγως’
333 1905 384 1948 οτι
396 1876 530 1966 φήσαιμ’
544 1907 588 1947 αν
597 1877 689 1966 ἔχων
702 1879 899 1959 ἐκείνους
859 1905 922 1948 ουκ
931 1885 1021 1947 εστιν

68 1979 148 2046 ότου
170 1976 260 2070 παρά
281 1984 339 2065 τῆς
360 1979 488 2057 πόλεως
512 1976 553 2046 οό
575 1995 687 2065 τυχεῖν
705 1973 754 2047 όν
777 1981 1020 2069 ἐβουλήθησαν.

10 2085 134 2147 ΙΙότίνι
154 2076 324 2163 χρώμενος
345 2084 527 2165 τεκμηρίοις
551 2075 794 2166 ὅτιΛυσιμάχφ
807 2076 953 2163 δωρεάν,
974 2078 1022 2145 ἑνὶ

68 2184 137 2243 τῶν
148 2177 222 2242 τότε
231 2181 418 2260 χρησίμων,
432 2172 551 2242 ἑκατόν
560 2175 623 2259 μὲν
634 2178 671 2242 ἐν
681 2173 811 2262 Εὐβοία
822 2178 952 2258 πλέθρα
962 2182 1022 2260 γῆς

70 2277 321 2361 πεφυτευμένης
333 2278 471 2356 ἔδοσαν,
495 2270 614 2339 ἑκατόν
625 2271 661 2337 δὲ
672 2281 784 2357 φιλής,
807 2278 854 2338 ἔτι
867 2271 899 2338 δ’
917 2272 1022 2357 ἀργυ-

71 2380 146 2458 ρίου
164 2378 248 2456 μνᾶς
267 2368 401 2454 ἑκατόν,
424 2373 480 2437 καὶ
497 2372 651 2453 τέτταρας
662 2377 720 2455 τής
730 2366 853 2455 ἡμέρας
867 2370 1021 2456 δραχμάς.

71 2473 126 2538 καὶ
149 2471 279 2538 τούτων
302 2469 459 2557 ψήφισμα
471 2474 560 2537 ἔστιν
569 2464 794 2556 Ἀλκιβιάδου,
817 2471 854 2536 ἐν
871 2460 900 2558 ᾦ
918 2475 1023 2536 ταῦτα
1032 2480 1082 2536 492

69 2575 258 2658 γέγραπται.
282 2568 356 2638 τότε
367 2573 428 2656 μὲν
438 2567 502 2654 χάρ
513 2567 534 2656 ή
547 2568 641 2648 πόλις
650 2566 747 2655 ήμῶν
758 2568 1023 2656 καίχήςηόπόρει

69 2674 124 2738 καὶ
134 2669 327 2756 χρημάτων,
339 2666 448 2735 τόνδ’
462 2665 656 2753 εὐπορήσει’
679 2672 730 2735 δεῖ
738 2664 803 2751 χάρ
815 2667 902 2736 οὕτω
914 2671 1024 2754 λέγειν

70 2771 125 2837 καὶ
137 2772 181 2855 μή
195 2777 412 2855 βλασφημεῖν.
445 2775 552 2835 καίτοι
564 2764 629 2834 τίν’
643 2763 705 2832 οὐκ
723 2762 766 2833 ἀν
781 2775 894 2834 οἴεσθε
906 2775 972 2834 νῦν
985 2765 1021 2835 τὸ

71 2876 183 2953 τρίτον
204 2870 302 2953 μέρος
321 2866 451 2934 τούτων
469 2865 543 2933 ἀντὶ
560 2875 616 2951 τῆς
634 2863 779 2946 ἀτελείας
797 2869 949 2949 ἑλέσθαι;
972 2865 1023 2934 ότι

71 2974 187 3034 τοίνυν
199 2963 309 3052 ἀληθή
320 2971 421 3051 λέγω,
433 2967 518 3050 λαβέ
525 2991 581 3050 μοι
591 2963 628 3031 τό
641 2964 794 3051 ψήφισμα
805 2972 905 3033 τουτί.
939 2969 1021 3049 λέγε.

433 3130 666 3192 ΨΗΦΙΣΜΑ.

14 3278 65 3333 116
148 3254 219 3323 Ὅτι
232 3255 293 3341 μὲν
304 3262 429 3342 τοίνυν,
442 3249 469 3323 ὦ
480 3254 600 3339 ἀνδρες
606 3253 787 3338 Ἀθηναῖοι,
800 3254 855 3319 καὶ
865 3265 933 3331 τοῖς
941 3277 1024 3337 προ-

73 3352 186 3438 χόνοις
203 3353 300 3441 ὑμῶν
317 3349 434 3433 ἔθος
411 3381 457 3441 ην
473 3353 553 3434 τούς
566 3350 729 3440 χρηστοὺς
745 3359 860 3437 τιμᾶν,
882 3349 1023 3437 δηλοῖτό

75 3452 230 3540 ψήφισμα
239 3459 385 3520 τουτί
387 3452 499 3521 δὲ
458 3481 502 3540 μη
515 3469 583 3532 τοις
594 3451 706 3530 αυτοις
717 3444 864 3601 οἶσιηερ
844 3465 938 3536 ημεῖς
949 3477 1024 3530 ννν,
