2370 3854
325 213 468 274 ΠΡΟΣ
492 213 789 276 ΦΟΡΜΙΩΝΑ.
974 219 1036 280 393

85 381 166 460 πιδι,
178 376 285 462 λέγων
295 371 347 442 ότι
357 369 458 443 οὐδὲν
469 386 556 441 ποιεί
566 379 633 440 τῶν
644 377 781 442 δικαίων
791 383 949 463 Φορμίων
960 374 1035 446 οὐδ’

84 475 268 542 ἀποδίδωσι
277 469 314 541 τό
329 472 480 559 δάνειον,
497 472 553 540 καὶ
563 469 631 558 ἀμα
641 468 885 559 ἡρόμηναάτδν
897 481 927 544 εί
936 480 1036 564 είδείη

84 574 172 642 ὅπου
184 573 288 657 ἐστὶν,
305 573 362 637 ἵνα
371 576 660 658 προσκαλεσαίμην
671 570 785 641 αὐτόν.
818 570 836 641 ό
848 572 880 641 δ’
892 572 1036 644 ἀκολου-

82 682 160 740 θεῖν
169 666 200 767 μ’
213 671 364 738 ἐκέλευεν
376 671 494 758 ἑαυτῷ,
505 670 560 735 καὶ
569 669 867 758 καταλαμβάνομεν
877 673 960 757 πρδς
969 688 1038 750 τοῖς
1161 762 1164 767 ¹

84 775 309 858 μυροπωλίοις
333 774 479 835 τουτονί·
503 765 594 852 κάμοὶ
604 774 768 854 κλητῆρας
779 775 863 856 ἔχων
872 793 1038 858 προσεκα-

43 877 76 930 14
85 866 234 952 λεσάμην
254 862 365 934 αὐτόν.
400 861 490 934 καὶὸ
509 865 656 952 Λάμπις,
679 860 841 953 άάνδρες
854 866 1035 957 Ἀθηναῖοι,

85 963 204 1052 παρδν
221 966 503 1054 προσκαλουμένῳ
514 990 571 1051 μοι
582 964 733 1052 οὐδαμοῦ
745 968 922 1055 ἐτόλμησεν
934 975 1037 1037 εἰπεῖν

86 1062 131 1145 ὥς
141 1062 303 1149 ἀπείληφε
313 1060 403 1150 παρὰ
415 1064 539 1132 τούτου
548 1063 585 1131 τό
598 1073 752 1154 χρυσίον,
776 1064 852 1134 οὐδ’
865 1065 885 1136 δ
896 1065 984 1146 είκδς
994 1061 1037 1153 ἦν

84 1162 154 1232 εἶπε
171 1159 383 1250 “Χρυ’σιππε,
406 1169 530 1248 μαίνει·
553 1170 588 1231 τί
604 1171 726 1231 τοῦτον
748 1173 942 1247 προσκαλεῑ;
965 1168 1037 1251 ἐμοὶ

81 1259 166 1348 ἠδρ
185 1258 374 1330 ἀποδέδωκε
391 1261 428 1328 τδ
447 1267 547 1346 χρνσί
545 1258 611 1329 ον.”
646 1259 730 1330 ἀλλά
745 1261 790 1350 μη
807 1262 859 1332 ότι
876 1261 1037 1351 δΛάμπις
1154 1292 1157 1297 ⁴

84 1356 307 1447 ἐφθέγξατο,
287 1357 361 1428 αλλ
375 1356 451 1427 οὐδ’
465 1386 565 1439 αυτος
576 1386 673 1439 ουτος
683 1358 861 1446 ηξίοισενε
859 1375 934 1429 πεῖν
933 1386 1037 1447 ,παρ-

81 1457 255 1547 εστηκότος
270 1485 331 1528 που
317 1451 581 1550 Λάμπιδος,
552 1485 578 1526 ω
596 1466 661 1527 νῦν
678 1479 781 1546 φησιν
791 1457 1037 1529 αποδεδοικεναι

39 1575 72 1629 15
81 1585 117 1627 το
108 1559 277 1646 χρυσίου.
300 1566 407 1626 καίτοι
418 1550 585 1643 είκόςμ’
562 1585 605 1644 ην
618 1554 722 1625 αάτδν
734 1549 900 1641 εἰπεῖν,
873 1584 899 1625 οι
917 1556 1037 1644 ἀνδρες

77 1655 303 1744 Ἀθηναίοι,“
306 1664 340 1725 τί
358 1683 398 1744 με
419 1665 614 1745 προσκαλεῖ,
636 1656 812 1741 ἅνθρωπος
842 1654 1036 1724 ἀποδέδωκα

75 1753 163 1843 “μδρ
179 1756 286 1847 τοότφ
303 1765 351 1847 τῷ
365 1755 585 1844 παρεστηκότι
595 1755 631 1823 τό
643 1763 782 1842 χρυσίον
779 1752 897 1823 ”καί”
875 1782 943 1841 αμα
954 1753 1037 1841 όμο-

82 1862 247 1939 λογουυτα
258 1856 412 1942 παρεχειν
422 1882 482 1924 τον
491 1855 642 1942 Λαμπιν
660 1853 776 1923 νῦνδ’
790 1851 1014 1941 ουδετερος
973 1879 1036 1920 αν

81 1962 150 2022 τοΞν
167 1950 271 2023 οάδΗ
255 1953 668 2046 οτιοῦνείπενέντοιοάτφ
680 1962 792 2044 καιρῷ.
827 1951 913 2022 καὶ
892 1980 944 2022 οτι
955 1949 1037 2040 αλη-

82 2050 134 2139 θῆ
141 2056 243 2140 λέγω,
255 2056 337 2140 λαβέ
346 2079 402 2138 μοι
412 2052 475 2139 την
486 2061 670 2140 μαρτυρίαν
680 2063 747 2123 τῶν
758 2052 941 2139 κλητήρων.

428 2190 690 2250 ΜΛΡΤΓΡΙΛΙ.
1045 2194 1096 2249 91λ

40 2311 71 2366 16
168 2294 259 2381 Λαβδ
276 2293 318 2379 δη’
334 2319 391 2379 μοι
401 2297 456 2361 καὶ
467 2293 505 2361 τό
516 2299 661 2379 ἔγκλημα
673 2291 820 2377 δέλαχον
830 2290 920 2380 αὐτῷ
932 2295 1034 2378 πέρυ-

80 2414 150 2460 σιν·
162 2390 183 2458 ό
193 2394 282 2459 ἐστιν
290 2388 431 2471 οὐδενός
439 2397 573 2460 ἔλαττον
584 2393 762 2480 τεκμήριον
772 2390 822 2460 ὅτι
829 2391 961 2460 οὐδέπω
969 2387 1032 2459 τότ’

79 2498 181 2578 ἔφησε
193 2498 350 2577 Φορμίων
360 2489 606 2559 ἀποδεδωκέναι
616 2491 653 2561 τό
664 2498 802 2578 χρυσίον
812 2491 966 2578 Λάμπιδι.

440 2628 674 2691 ΕΓΚΛΗΜΑ.

168 2744 275 2805 Τοῦτο
294 2737 330 2806 τδ
350 2743 498 2825 ἔγκλημα.
512 2743 630 2825 ἔλαχον
646 2736 725 2823 ἐμά,
751 2731 779 2807 ὦ
800 2737 921 2822 ἀνδρες
935 2736 1035 2824 Ἀθη-

79 2850 177 2921 ναῑοι,
189 2835 383 2923 οὐδαμόθεν
393 2837 541 2906 ἀλλοθεν
552 2847 688 2908 σκοποῦν
700 2835 774 2907 ἀλλ’
785 2834 853 2926 ἦέκ
865 2837 1036 2926 τῆςάπαγ-

78 2941 187 3020 μελίας
198 2945 255 3022 τῆς
265 2935 454 3024 Λάμπιδος,
467 2934 504 3016 ὃς
514 2935 577 3006 οὐκ
589 2945 736 3024 ἔφασκεν
747 2939 824 3007 οότε
836 2939 876 3006 τὰ
887 2940 1035 3025 χρήματα

78 3036 289 3102 ἐπιδεῖσθαι
304 3043 425 3104 τοῦτον
442 3035 520 3102 οὔτε
537 3035 574 3103 τό
585 3044 724 3122 χρυσίον
735 3035 967 3121 ἀπειληφέναι·
990 3034 1035 3122 μὴ

77 3131 142 3217 γάρ
155 3136 273 3200 οἴεσθέ
280 3160 321 3219 με
338 3133 445 3214 οὕτος
462 3132 676 3218 ἀπόπληκτον
693 3133 777 3202 εἶναι
794 3137 849 3201 καὶ
866 3143 1035 3215 παντελεῖς

76 3230 280 3317 μαινόμενον
308 3231 393 3300 ὥστε
423 3241 554 3301 τοιοῦτο
581 3231 726 3317 ηράφειυ
746 3237 891 3319 ἔγκλημα
912 3231 1034 3321 ὁμολο-

75 3337 217 3413 μοῦντος
237 3337 298 3394 τοῦ
314 3328 486 3416 Λάμπιδος
504 3328 721 3416 ἀπειληφέναι
737 3327 774 3398 τό
792 3339 947 3418 χρυσίον,
969 3328 1031 3409 ὑφ’

75 3419 120 3494 οὗ
135 3432 274 3514 ἔμελλον
285 3429 590 3516 ἐξελεγχθήσεσθαι,
