2370 3854
144 184 207 250 184
343 189 440 248 xxm.
483 183 902 246 ΔΗΜΟΣΘΕΝΟΥΣ

143 348 352 436 λογιζόμενος
363 345 508 431 δύναμαι
519 349 676 431 κατιδελν,
689 342 744 433 ὡς,
758 350 790 413 εί
798 347 853 414 καλ
864 345 1034 435 βάρβαρος
1046 351 1102 418 καὶ

144 445 284 526 άπιστος
296 444 314 514 ὁ
325 446 596 532 Κερσοβλέπτης,
619 443 710 532 ὅμως
723 452 928 533 προνοηθείη
942 445 976 532 γ’
994 442 1038 515 άν
1053 449 1098 536 μη

49 610 51 614 .
142 546 183 614 τά
198 553 379 632 τηλικαῦτα
402 540 557 630 ἀδικῆσαι
571 549 775 631 Χαρίδημον.
809 544 893 614 ὅταν
913 545 978 631 γάρ
1000 547 1102 616 πάλιν

143 645 283 726 ἐξετάσω
299 641 428 732 ἡλίκων
437 642 549 723 Κότυς
560 641 750 732 Ἰφικράτην
766 641 1006 732 ἀποστερήσειν
1021 651 1103 734 με’λ-

142 752 213 812 λων
233 742 335 812 οῦδὲν
355 743 547 829 ἐφρόντισε,
569 750 738 823 παντελῶς
756 742 865 833 τοάτμ
886 769 925 830 γε
940 742 1041 814 οῦδὲν
1056 741 1146 815 &voa

79 859 132 916 1³6
140 840 287 932 ἡγοῦμαι
297 850 437 929 μελῆσαι
446 849 518 909 Ινῦν
527 839 769 929 ἀπολουμένων
778 842 970 933 Χαριδήμῳ.
1005 840 1099 932 ὁμέν

139 939 174 1028 γ’
188 945 316 1010 ἐκεῖνον
325 940 430 1027 τιμάς,
448 946 587 1026 σίτησιν,
600 941 742 1026 εἰκόνας,
755 946 907 1028 πατρίδα,
918 940 942 1029 ἢ
953 942 1100 1030 ζηλωτδυ

141 1035 247 1107 αῦτδν
257 1042 429 1126 ἐποίησεν,
446 1036 562 1124 ὀλίγου
573 1043 637 1108 δέω
648 1044 758 1126 λέγειν
768 1039 875 1110 πάνθ’
888 1033 937 1110 άν
948 1040 1031 1112 άνευ
1041 1047 1101 1130 ζῆν

142 1136 204 1206 οὐκ
211 1131 547 1224 άξιονηυἸφικράτει
555 1137 1104 1228 νομίζαυάποστερήσεινοῦκέπε-

141 1237 290 1325 στράφη
313 1230 494 1318 οῦτοςδ”
472 1265 516 1317 σος
527 1236 663 1325 αληθως
672 1235 795 1319 τίνος
772 1267 817 1308 αν
827 1243 883 1310 καί
893 1239 994 1338 λογον
1005 1249 1098 1326 σχοιη

139 1363 183 1457 μη
172 1335 421 1425 Χαρίδημον
402 1338 628 1428 αποστερηση,
648 1335 752 1408 οὐδ’
735 1365 851 1408 οτιουν
862 1337 979 1409 ἐστὶ
939 1364 1004 1426 γαρ
1015 1338 1097 1426 παρ

138 1434 219 1522 υμῖν
230 1463 339 1528 αυτοι,
360 1464 403 1506 ου
392 1435 543 1523 ’παῖδες,
567 1463 631 1508 ουκ
642 1439 758 1523 είκωυ
776 1465 818 1507 ου
829 1453 1016 1525 συγγενεῖς,
1035 1437 1098 1507 οῦκ

80 1551 131 1610 137
140 1534 215 1604 αλλ
229 1535 341 1606 οῦδέν.
364 1534 473 1605 καὶ
433 1543 542 1624 μηνεί
550 1534 1098 1625 μήτεφῦσειπιστὸςὸΚερσοβλέ-

141 1658 238 1720 πτης,
261 1640 299 1702 ἐκ
316 1660 353 1702 τε
366 1642 434 1702 τῶν
449 1638 680 1721 γεγενημένων
695 1636 861 1723 πρότερον
877 1641 1010 1716 δικαίας
1020 1635 1099 1704 άπι-

108 1723 111 1730 ’
142 1753 236 1820 στος,
249 1735 354 1820 μηδέν
374 1759 410 1801 τε
424 1742 578 1803 τοιοῦτον
592 1731 734 1822 ὑπάρχει
747 1750 815 1816 τοῖς
829 1735 1000 1822 πράγμασι
1017 1733 1061 1802 δι’
1079 1730 1099 1802 δ

140 1827 207 1900 κάν
221 1832 311 1917 παρά
326 1833 464 1920 γνώμην
479 1835 534 1902 καὶ
548 1832 653 1920 φύσιν
664 1840 870 1921 προνοηθείη
880 1859 912 1901 τι
921 1840 983 1900 τοῦ
994 1841 1099 1917 Χαρι-

142 1930 307 2016 δήμου,τ
288 1937 378 2008 τίνος
399 1931 497 1998 ἕνεκα
513 1928 625 2011 άπλῦς
644 1934 699 2000 καὶ
719 1937 840 2020 κομιδῇ
860 1936 1099 2019 τετυφωμένως

141 2027 264 2114 οὕτως,
286 2025 308 2095 δι
302 2027 480 2116 βούλεται
490 2028 751 2116 διαπράξασθαι,
766 2030 984 2117 συλλάβωμεν
995 2029 1106 2116 αὐτῷ,

139 2129 194 2196 καί
205 2135 309 2195 ταῦτα
300 2121 408 2213 ἐφ’*
388 2141 470 2215 ημῖν
479 2127 578 2211 ὄντας
575 2128 704 2250 ἐγάέ
665 2155 688 2215 μ
705 2156 726 2197 ν
737 2127 799 2216 οῦχ
811 2127 890 2217 ὁρῦ.

80 2244 131 2299 138
217 2224 288 2296 Ὅτι
302 2224 457 2295 τοίνυν”
435 2253 518 2296 ανευ
528 2253 589 2296 του
575 2206 667 2309 ’τοῖς
677 2228 847 2315 πράγμασι
857 2255 902 2315 μη
913 2229 1097 2314 συμφέρειν

139 2352 176 2394 το
166 2323 343 2413 ψηφισμα
355 2326 435 2396 οῦδὲ
446 2326 529 2413 πρὸς
540 2327 641 2409 δόξαν
651 2330 815 2415 συμφέρει
823 2354 863 2418 τη
848 2326 968 2396 πόλει
984 2332 1095 2395 τοιοῦ-

139 2451 200 2492 του
209 2424 287 2494 οῦδέ
288 2453 309 2493 ν
319 2429 528 2514 ἐψηφισμένῃ
539 2429 795 2513 φαίνεσθαι,καί
805 2435 903 2494 τοῦτο
916 2430 969 2493 δεί
975 2435 1098 2511 μαθεῖν

139 2520 234 2609 ὑμᾶς.
269 2529 300 2591 εί
308 2525 370 2609 μὲν
380 2521 462 2610 γάρ,
476 2517 827 2611 άάνδρεςἏθηυαίοι,
840 2526 939 2592 πόλιν
950 2531 1098 2592 οἰκοῦντι

138 2647 184 2709 τρι
205 2623 262 2689 καὶ
283 2621 400 2709 νόμοις
421 2626 664 2725 πολιτευομένῳ
679 2622 717 2693 τὰ
731 2623 887 2710 ψήφισμα
902 2624 1096 2708 ἐγέγραπτο,

138 2817 265 2907 ριδημφ
280 2825 327 2905 τῷ
344 2819 443 2887 πόλιν
457 2819 519 2905 μὲν
535 2818 610 2889 οὐδ’
628 2819 789 2909 ἡντινοῦν
801 2829 965 2910 οἰκοῦντι,
988 2825 1094 2911 Θρᾳκὶ

138 2918 175 2986 δδ
186 2913 358 3008 άνθράπφ
370 2924 501 3005 βασιλεῖ
508 2924 811 3007 στρατηγοῦυτικαί
822 2919 877 2989 διά
892 2931 950 3008 τῆς
964 2925 1094 2991 ἐκείνου

76 3043 128 3099 139
136 3023 304 3106 βασιλείας
314 3014 461 3098 πολλοῦς
477 3015 657 3089 ἀδικοῦντι.
691 3030 761 3090 ίστε
773 3021 839 3109 γάρ
856 3022 965 3110 δήπου
979 3018 1093 3107 τοῦθ’,

135 3116 187 3185 ὅτι
197 3117 320 3196 πάντες
330 3122 364 3187 οί
371 3122 586 3204 ξεναγοῦντες
594 3111 809 3201 οῦτοιπόλεις
818 3121 1091 3210 καταλαμβάνον·

135 3241 187 3294 τες
195 3213 386 3303 Ἑλληνίδας
397 3216 512 3305 άρχειν
523 3223 671 3306 ζητοῦσι,
693 3221 750 3289 καί
766 3221 918 3306 πάντων,
941 3219 1016 3289 ὅσοι
1030 3244 1092 3302 περ

134 3315 251 3400 νόμοις
266 3322 370 3386 οίκείν
384 3317 564 3404 βούλονται
577 3316 639 3407 τήν
654 3315 767 3388 αῦτῦν
792 3319 887 3399 ὄντες
909 3320 1092 3405 ἐλεύθεροι,

134 3413 241 3479 κοινοὶ
251 3418 479 3503 περιέρχονται
489 3415 573 3489 κατά
585 3424 697 3486 πᾶσαν
707 3419 835 3507 χώραν,
848 3424 879 3486 εί
889 3422 942 3487 δεῖ
949 3414 1094 3502 τάληθὲς
