2370 3854
204 219 268 282 272
401 220 487 278 XXV
510 213 955 315 [ΔΗΜΟΣΘΕΝΟΤΣ]

205 384 330 460 θέντας,
356 376 505 463 ἀπάγουσι
514 373 588 462 πρὸς
598 371 666 452 τοὺς
677 376 833 479 πρυτάνεις
845 374 884 457 ὡς
896 373 1063 480 ίερόσγλον,
1087 379 1119 481 06
1130 379 1164 441 66

206 491 242 568 τη
228 461 393 550 ὑστεραία
410 469 589 528 καθιστᾶσιν
611 457 698 536 είς
667 486 723 542 την
744 462 925 572 ἐκκλησίαν.
945 455 1082 535 κάκεῖνος
1102 456 1162 524 ὑπό

207 556 258 651 της
269 551 373 653 ἱερείας
375 527 442 629 ἔφη
451 546 599 628 πεμφθεὶς
614 540 757 648 λαβεῖν
726 571 761 607 τα
774 544 889 626 ἱμάτια,
908 546 959 607 ἵνα
970 546 1078 646 κομίση
1088 540 1164 643 πρὸς

207 656 239 694 το
226 628 330 714 ἱερὸν
340 633 523 738 κυνηγέσιον.
558 631 690 691 ἐνταῦθα
704 623 921 776 Ἀριστογείτων
936 624 1045 711 γράφει
1063 623 1163 709 ψήφι.

208 733 267 818 σμα
278 721 395 823 πρῶτον
407 716 461 796 μὲν
472 709 751 815 άπροβοόλεντον,ἐ’
747 737 831 776 πειτα
837 708 1018 815 δεινότατον,
1031 717 1162 814 κελεῦον,

208 795 309 861 ἐὰν
277 824 336 899 μεν
343 797 472 904 ὁμοηογή
487 824 524 860 τα
512 791 636 876 ἱμάτια
648 797 815 878 ἐξενεγκεῖν,
827 790 994 860 άποθανεῖν
1005 790 1096 858 αὐτὸν
1107 789 1162 898 66·
1178 798 1182 805 ’

208 885 283 984 τίκα,
308 876 360 943 ἐδιν
382 877 444 943 δ”
426 887 560 985 αρνήται,
582 882 752 983 κρίνεσθαι·
777 870 863 956 ἐξ
828 905 863 943 ον
885 882 1058 982 σγνέβαινεγ
1079 873 1163 964 αὐτῷ

208 961 463 1066 ομολογησαντι
431 989 484 1070 μεν
494 957 621 1041 ταληθες
636 971 797 1046 παραχημα
818 960 976 1066 τεθνάναι,
999 959 1111 1049 ἐξάρνῳ
1130 942 1164 1024 δὲ

207 1049 353 1149 γεηομίνφ
364 1071 415 1126 μετ
420 1040 541 1149 ’ὀλίγον
551 1051 636 1107 τοῦτο
647 1055 766 1110 παθεῖν.
796 1054 881 1110 τοῦτο
891 1042 923 1110 τὸ
935 1044 1078 1129 ψήφισμα
1087 1071 1162 1128 γρα-

208 1127 340 1233 ψάμενος
350 1127 531 1232 παρανόμων
545 1123 778 1238 Φανόστρατος“
767 1156 782 1194 ο
794 1126 970 1214 Ιεροκλέονς
987 1138 1039 1194 τοῦ
1057 1134 1162 1192 κινδν·

207 1214 342 1312 νεύοντος
353 1209 459 1298 πατήρ,
470 1217 781 1322 συγκατηγορήσοντφς
791 1239 843 1278 τον
830 1215 1120 1318 ”Δημοσθένονς,”
1086 1219 1168 1295 αιρεῖ

208 1294 406 1401 παρμνόμοιν,
428 1300 480 1361 καὶ
496 1323 583 1399 τιμιγ
582 1323 615 1361 το
633 1296 824 1404 δικαστήριον
839 1292 1061 1402 Ἀριστογείτονι
1077 1298 1163 1359 πέντε

208 1378 367 1445 ταλάντων.
389 1389 474 1445 τοῦτο
485 1382 539 1463 μὲν
550 1376 588 1462 δή
598 1388 715 1486 προῖγον
726 1380 845 1464 όφλημα
850 1376 1115 1486 Ἀριστογείτονι’
1083 1404 1161 1476 γινε-

208 1491 269 1529 ται·
292 1461 404 1528 ἔπειτα*
401 1462 551 1567 Ηγήμογα
561 1464 770 1569 γραψρίμενος
762 1460 857 1529 καί
829 1490 881 1529 τον
895 1462 1002 1568 άγιηνοη
1014 1460 1160 1569 άτηοδόμε-

208 1575 258 1624 νος
269 1539 348 1627 οιφλε
358 1552 458 1629 χιλίας
488 1542 543 1613 οόκ
562 1543 722 1625 ἀποδόντος
740 1543 770 1610 δ’
783 1544 875 1612 αὐτοῦ
886 1574 961 1612 κατα
950 1573 1026 1650 την
1037 1545 1161 1648 ὡρισμέ-

207 1658 264 1712 νην
282 1636 467 1714 προθεσμίαν
485 1627 686 1695 διπλοόται
655 1658 692 1694 τα
713 1626 869 1713 όφλήματα
887 1628 962 1694 κατά
981 1656 1033 1732 την
1055 1628 1160 1709 νόμον,

208 1716 258 1778 καὶ
270 1719 379 1798 γίνεται
391 1716 462 1777 δέκα
474 1712 604 1817 τάλμντα
620 1716 671 1777 καί
683 1718 821 1813 δισχίλιαι
837 1717 970 1817 δραχμαί.
1000 1710 1074 1794 ὑπὲρ
1090 1711 1159 1772 606-

207 1825 266 1861 ταν
278 1805 337 1860 τῶν
322 1795 503 1905 χρημάτων
514 1793 681 1903 ἀπογράφει
691 1823 719 1860 τι
729 1792 807 1872 είς
778 1821 811 1859 το
812 1795 962 1900 δημήσιον
973 1800 1093 1899 χωρίον
1091 1795 1160 1856 ἑαυ-

207 1888 268 1960 τοῦ,
281 1883 331 1943 καί
342 1905 375 1944 το
362 1877 493 1982 χωρίον
504 1888 588 1943 τοῦτο
600 1878 735 1982 Εήνομος
753 1873 870 1942 άνεῖται
884 1875 900 1944 6
919 1872 1044 1988 άδελφὸς
1057 1871 1160 1956 αιἰτοιῖ,

207 1961 290 2039 τάξιν
301 1961 492 2065 αἰτησάμενος
502 1988 555 2026 τον
543 1957 749 2045 ὀφλήματος,
768 1958 840 2026 ὥστε
852 1963 883 2065 ἐη
895 1965 966 2026 δέκα
978 1964 1070 2026 ἐτεσιν
1083 1964 1160 2024 ἐκτῖ-

207 2067 257 2110 σαι
267 2040 299 2110 τὸ
311 2043 438 2147 σύμπαν,
451 2042 521 2108 καθ’
535 2046 657 2149 ἐκιγστον
669 2048 730 2121 ἔτος
741 2041 879 2122 τιθείς
851 2071 883 2110 το
895 2043 1100 2157 ἐπιβάλλονμέ
1100 2070 1159 2145 ρος.

207 2128 308 2211 δόομέ
309 2124 374 2213 νδή
386 2124 580 2237 606666663’
563 2126 726 2232 απήνεγκε,
742 2129 871 2194 τάλαντα
889 2127 944 2194 660
961 2159 1012 2194 και
1001 2123 1160 2233 δραχμάς

207 2218 456 2299 τετρακοσίας·το
445 2208 500 2277 66
512 2206 616 2277 λοιπόν
627 2207 792 2322 όφείλεται,
798 2209 952 2279 τάλαντα’
937 2241 1014 2280 οκτιο
1001 2210 1076 2278 καί
1087 2218 1159 2297 δρα-

208 2302 278 2403 χμαί
289 2303 379 2381 χίλιαι
390 2324 439 2361 και
431 2295 609 2375 ἑξακόσιαι.
639 2291 792 2400 606636
755 2324 810 2364 ουν
827 2301 902 2381 ἐχειν
919 2294 1161 2405 ίηἈριστογείγων

207 2408 259 2447 τον
246 2386 364 2465 λέγειν
375 2383 472 2458 ἐξονσί
471 2409 509 2445 αν
520 2408 570 2445 και
561 2376 708 2486 μηκίτι’
694 2407 749 2464 οφε
749 2387 830 2484 ίλειν,
839 2379 938 2464 ἐπειδή
953 2380 1080 2486 χρήστην
1090 2374 1159 2444 άντ-

209 2467 298 2529 ἔδωκε
319 2490 393 2567 τη
342 2462 457 2543 πόλει,
476 2467 527 2527 καί
538 2463 681 2566 ἐγράφετο
691 2459 817 2541 πολλοδς
828 2469 880 2529 καί
873 2464 1082 2568 ἐδημηγόρει,
1100 2489 1162 2566 τφν

208 2545 307 2650 νόμωγ
317 2572 368 2610 τον
379 2541 534 2648 όφείλφντα
543 2571 584 2609 τοι
571 2552 743 2691 δημησίιγ,
767 2543 888 2631 μέχρι
867 2577 906 2613 αν
917 2552 1025 2637 ἐκτίση,
1037 2544 1160 2652 ποιοόη-

206 2627 344 2733 τογνόίτιμ
345 2655 388 2693 ον
420 2626 546 2733 διόπερ
539 2624 663 2694 αντδνο
665 2611 760 2714 περί
771 2636 996 2736 Λνκουργονέ
998 2613 1140 2736 ἐδειξιγν
1121 2657 1162 2706 ως

207 2708 262 2777 οὐκ
273 2658 344 2788 ἐξὸν
349 2715 483 2814 λέγοντα.
510 2708 566 2815 ρόκ
584 2713 810 2819 ἒξαληλιμμένον
820 2720 921 2780 τοίνυν
935 2719 964 2795 ἐξ
975 2712 1161 2817 άκροπόλεως

204 2791 460 2900 Ἀριστογείτονος,
466 2789 527 2857 ἄλλ’
540 2797 582 2861 ἐτι
591 2819 643 2897 την
630 2794 823 2901 ὀφλήματος
834 2800 1076 2905 ἐγγεγραμμένον,
1088 2795 1161 2882 χρή·

208 2897 277 2942 στον
289 2878 322 2940 δὲ
332 2875 527 2984 καταστάντος
534 2886 587 2983 006
597 2903 630 2942 το
619 2872 779 2983 χωρίον’
758 2886 958 2989 ανησαμένου,
965 2883 1097 2985 ζήτημα
1087 2901 1159 2945 σνν-

207 2967 320 3026 ίσταται
341 2958 502 3068 πότερονη
508 2986 669 3065 πριάμενος
678 2987 711 3025 το
729 2968 837 3066 χωρίον
853 2963 1012 3048 ὀφείλετ’
969 2992 1101 3077 μοηονη
1083 2961 1168 3028 καὶΙ

207 3043 358 3151 ὁπρηῖτος
358 3039 502 3127 όφλδν,”
482 3071 550 3150 αχρι
559 3041 598 3110 άν
610 3043 772 3136 ἐκτισθή
743 3073 776 3112 το
760 3051 878 3153 χρέος.
912 3054 977 3136 περὶ
995 3052 1049 3133 μὲν
1067 3044 1136 3155 66
1122 3044 1161 3112 τά

207 3129 261 3196 660
278 3125 435 3235 ὀφλήματα
450 3137 535 3194 τοῦτο
554 3112 767 3234 σνγίσταταί
739 3157 771 3195 το
789 3132 914 3238 ζήτημιγ·
939 3138 1012 3217 φασί
1024 3134 1057 3198 66
1067 3127 1161 3234 avt6v

206 3218 237 3278 06
244 3213 404 3322 κατήγοροι
415 3215 524 3278 καίί
475 3240 509 3299 τρ
510 3218 573 3278 ίτον
582 3209 638 3297 όφε
638 3219 711 3279 ίλειν
720 3212 840 3297 ι’ίφλημα
856 3243 897 3305 τρο
884 3222 1054 3324 δημοσίω
1085 3211 1161 3318 πρὸς

206 3305 290 3361 τοῦτο
308 3297 526 3401 Ἀριστογείτων
546 3293 761 3403 ἀνθιστάμενος
779 3283 886 3382 φησίν
893 3297 1003 3379 άδίκως
1020 3283 1159 3384 ἐγγεγρά·

205 3388 286 3460 φθαι
302 3385 353 3444 καί
371 3377 421 3444 διά
437 3388 523 3446 τοῦτο
536 3386 624 3464 δίκην
640 3390 738 3464 λαχεῖν
748 3377 940 3474 Ἀρίστωνι
910 3412 951 3451 τοι
938 3385 1159 3471 ἐγγράψαντα
