2370 3854
332 194 466 257 YIIEP
495 195 823 258 ΦΟΡΜΙΩΝΟΣ
992 193 1055 258 423

453 359 694 422 MAPTYPIA.
792 406 796 417 ,

57 535 88 586 11
184 496 304 576 Εάθάς
321 503 453 583 τοίνυν,
478 490 640 582 ιάἀνδρες
650 497 834 586 Ἀθηναῖοι,
858 497 901 577 ὡς
910 497 1053 584 ἀφεῖσαν

100 598 234 666 τουτονί
244 602 302 682 τῆς
312 594 525 682 μισθώσεως,
539 597 695 681 νέμονται
704 597 766 684 τὴν
776 598 939 681 τράπεζαν
948 599 1003 665 καί
1013 598 1050 665 τό

100 693 374 778 ἀσπιδοπηγεῖον,
397 691 584 779 κολλάβων
601 699 728 780 αἵρεσιν
735 692 981 778 Ἀπολλόδωρος
999 700 1052 763 αί-

101 804 204 880 ρεῖται
213 787 250 857 τό
261 788 518 876 ἀσπιδοπηγεῖον
526 788 600 861 ἀντὶ
608 800 666 878 τῆς
673 795 838 880 τραπέζης.
858 802 963 861 καίτοι
971 800 1002 861 εί
1007 785 1052 881 ἦν

101 894 169 959 ίδία
178 915 227 967 τις
239 886 373 975 ἀφορμὴ
386 888 493 976 τοάτφ
505 888 588 974 πρός
597 898 637 979 τῇ
648 899 802 982 τραπέζη,
825 901 858 960 τί
867 893 908 980 δή
919 891 993 961 ποτ’
1007 889 1051 961 ἀν

100 993 203 1056 είλετο
220 996 317 1056 τοῦτο
336 994 464 1073 μᾶλλον
479 983 503 1074 ἢ
518 993 662 1076 ἐκείνην;
687 989 764 1059 οὔτε
779 990 844 1078 γάρ
854 990 875 1078 ἡ
886 989 1051 1077 πρόσοδος

98 1079 144 1174 ἦν
161 1094 299 1172 πλείων,
322 1083 395 1153 ἀλλ’
415 1086 559 1153 ἐλάττων
569 1085 620 1174 (τό
632 1090 695 1174 μέν
704 1088 769 1174 γάρ
780 1091 960 1176 τάλαντον,
981 1088 1048 1178 ἡδ’

100 1180 218 1252 ἑκατόν
228 1190 312 1270 μνᾶς
321 1188 474 1271 ἔφερεν),
495 1182 572 1251 οὔτε
582 1183 619 1253 τό
633 1194 740 1273 κτῆμα
750 1187 863 1273 ἥδιον,
881 1194 913 1256 εί
921 1196 1050 1275 προσῆν

98 1283 247 1371 χρήματα
257 1289 297 1370 τῇ
307 1286 448 1371 τραπέζῃ
459 1286 535 1351 ίδια.
552 1280 626 1350 ἀλλ’
639 1283 681 1352 οὐ
693 1292 830 1371 προσῆν.
854 1285 968 1372 διόπερ
981 1306 1050 1353 σω-

99 1387 238 1466 φρονῶν
255 1384 357 1447 εἵλετο
376 1377 412 1448 τό
430 1377 688 1469 ἀσπιδοπηγεῖον
705 1380 824 1452 οὑτοσί
827 1408 834 1423 ·
856 1385 893 1453 τό
911 1383 1110 1470 μὲνγάρρηε

98 1476 188 1564 κτῆμ’
202 1475 384 1545 ἀκίνδυνόν
396 1481 494 1565 ἐστιν,
505 1476 526 1564 ἡ
538 1476 571 1545 δ’
583 1482 718 1566 ἐργασία
728 1481 916 1565 προσόδους
927 1489 1048 1567 ἔχουσα

98 1577 328 1656 ἐπικινδύνους
338 1574 404 1645 ἀπό
415 1577 592 1664 χρημάτων
602 1576 793 1663 ἀλλοτρίων.

55 1737 89 1791 12
181 1719 294 1789 Πολλά
312 1719 345 1789 δ’
362 1718 405 1788 ἀν
424 1749 471 1801 τις
488 1728 555 1807 έχοι
566 1727 675 1811 λέγειν
685 1728 740 1792 καί
751 1723 976 1792 ἐπιδεικνύναι
986 1741 1047 1808 ση-

96 1834 170 1906 μεῖα
196 1827 256 1887 τοῦ
277 1827 398 1888 τοῦτον
419 1837 645 1908 συκοφαντεῖν
665 1819 857 1908 ἐγκαλοῦντ’
880 1819 1045 1907 ἀφορμήν.

96 1914 181 2004 ἀλλ’,
206 1917 311 2005 οἶμαι,
332 1920 489 2006 μέγιστον
506 1925 567 2007 μέν
583 1925 672 1990 ἐστιν
688 1919 847 1991 ἀπάντων
867 1921 1045 2008 τεκμήριον

95 2024 156 2086 τοῦ
173 2023 335 2105 μηδεμίαν
350 2027 465 2108 λαβεῖν
477 2017 635 2108 ἀφορμὴν
647 2028 692 2100 είς
702 2031 805 2089 ταῦτα
814 2021 946 2088 τουτονὶ
957 2017 993 2084 τὸ
1007 2021 1044 2085 ἐν

94 2123 135 2204 τῇ
150 2116 314 2202 μισθώσει
328 2119 522 2202 γεγράφθαι
538 2127 801 2204 προσοφείλοντα
816 2117 877 2186 τόν
892 2112 1040 2183 Πασίων’

94 2217 146 2281 ἐπί
157 2211 219 2298 την
228 2213 407 2298 τράπεζαν,
425 2212 466 2282 οὗ
478 2215 644 2283 δεδωκότα
656 2214 813 2302 ἀφορμὴν
823 2213 946 2303 τούτῳ,
965 2212 1044 2278 δεύ-

94 2334 191 2393 τερον
207 2313 243 2376 δὲ
259 2309 296 2378 τὰ
308 2317 430 2378 τοῦτον
439 2314 477 2379 ἐν
488 2319 530 2400 τῇ
539 2321 626 2401 νομῇ
636 2314 739 2398 μηδὲν
751 2315 953 2395 ἐγκαλοῦντα
963 2316 1045 2395 φαί-

93 2419 228 2494 νεσθαι,
249 2415 361 2494 τρίτον
376 2406 421 2493 δ’,
443 2407 495 2477 ότι
510 2406 644 2495 μισθῶν
656 2410 776 2494 ἑτέροις
786 2407 929 2493 ὕστερον
939 2403 1043 2474 ταότά

93 2515 196 2575 ταῦτα
207 2515 268 2575 τοῦ
279 2516 354 2576 ῖσου
365 2505 527 2591 ἀργυρίου
539 2506 580 2575 οὐ
592 2510 775 2596 φανήσεται
786 2515 1044 2594 προσμεμισθω-

52 2630 85 2683 13
93 2606 158 2685 κως
174 2609 262 2674 ίδίαυ
278 2602 442 2692 ἀφορμήν.
475 2611 581 2674 καίτοι
598 2614 643 2691 εί,
665 2604 710 2694 ἢν
721 2605 739 2674 ὁ
751 2603 858 2692 πατὴρ
870 2607 1042 2690 παρέσχεν,

92 2704 158 2774 ὑπὸ
174 2710 273 2773 τοῦδε
291 2703 508 2794 ἀπεστέρητο,
533 2702 635 2774 αὐτόν
651 2713 717 2772 νῦν
728 2711 896 2791 προσῆκεν
906 2706 1043 2780 ἐκείνοις

93 2805 239 2873 άλλοθεν
252 2813 433 2893 πορίσαντα
445 2809 633 2873 δεδωκέναι.
656 2801 700 2882 ὡς
710 2809 825 2872 τοίνυν
835 2797 922 2870 ταῦτ’
933 2797 1044 2886 ἀληθῆ

93 2906 188 2989 λέγω,
199 2908 255 2972 καί
265 2909 452 2991 ἐμίσθωσεν
460 2903 603 2988 ὕστερον
612 2904 740 2980 Ξένωνι
752 2904 806 2970 καί
814 2900 976 2989 Εὐφραίῳ
987 2901 1043 2966 καὶ

92 3002 247 3088 Εόφρουι
263 3007 318 3072 καί
328 3005 580 3090 Καλλιστράτῳ,
599 3003 654 3070 καὶ
665 2999 743 3069 οὐδὲ
753 2999 882 3076 τούτοις
893 2999 1043 3079 παρέδω-

92 3125 152 3168 κεν
169 3100 442 3187 ίδίανάφορμηυ,
465 3099 548 3168 ἀλλά
558 3100 616 3178 τάς
627 3096 907 3183 παρακαταθήκας
918 3095 972 3163 καί
981 3093 1043 3180 τὴν

92 3195 157 3265 ἀπό
175 3199 304 3266 τούτων
322 3202 478 3284 ἐργασίαν
497 3197 604 3284 αὐτὴν
622 3195 868 3284 ἐμισθώσαντο,
890 3193 973 3278 λαβέ
987 3217 1043 3276 μοι

91 3296 153 3383 τὴν
168 3297 299 3365 τούτων
314 3303 518 3385 μαρτυρίαν,
540 3300 595 3366 καὶ
614 3294 658 3375 ὡς
675 3293 712 3363 τό
725 3291 984 3379 ἀσπιδοπηγεῖον
995 3292 1043 3355 ε’ί-

91 3403 175 3465 λετο.
