2370 3854
128 231 169 294 16
342 234 402 289 XX.
438 230 854 296 ΔΗΜΟΣΘΕΝΟΤΣ

125 396 255 472 νίζοντα
265 389 324 458 τὸν
336 396 443 476 δῆμον
452 389 644 478 χρημάτων,
667 391 830 461 τάλαντον
840 400 962 463 ἔδωκεν
979 394 1082 476 αύτός

84 504 117 560 4³
126 489 409 575 ἐπαγγειλάμενος.
449 491 619 567 σκέψασθε
636 488 676 574 δὴ
697 487 781 574 πρὸς
795 494 878 572 Διὸς
899 496 954 561 καὶ
975 499 1119 580 &saiw

125 588 245 676 ἀνδρες
255 585 444 674 Ἀθηναῖοι,
466 594 535 664 πῶς
550 581 594 655 ἀν
604 585 786 673 ἅνθρωπος
796 597 923 675 μᾶλλον
933 589 1082 676 φανεράς

123 689 253 771 γένοιτο
271 686 391 766 εὔνους
408 683 458 754 ἀν
468 684 565 771 ύμῖν,
588 679 1080 775 ἢπείςῆττονάξιοςάθικηθη-

122 813 195 870 ναι,
216 782 384 873 ἢπρεὸτου
394 785 456 871 μὲν
467 790 497 852 εί
506 781 623 868 παρών
634 793 681 873 τῷ
690 793 748 871 της
759 786 886 866 πόλεως
896 785 1080 872 ἀτυχήματι

123 893 251 969 μάλλον
267 887 373 953 ἕλοιτο
392 883 471 962 τούς
487 880 692 968 ἀτυχοῦντας
709 887 765 951 καὶ
775 881 936 972 τηνπαρά
947 884 1078 953 τούτων

122 984 236 1069 χάριν,
246 983 319 1069 ἥτις
329 980 402 1050 ποτ’
417 987 552 1068 ἔμελλεν
562 986 715 1065 ἔσεσθαι,
732 977 843 1068 ἢτούς
854 985 890 1050 ἐν
902 984 1018 1071 ἐκείνῳ
1030 991 1078 1073 τῷ

18 1100 21 1109 ·
122 1079 231 1168 χρόνῳ
243 1080 485 1167 κεκρατηκότας
495 1081 551 1146 καί
561 1075 634 1164 παρ’
648 1075 697 1157 οἷς
707 1072 767 1165 ἦν,
781 1080 939 1164 δεύτερον
950 1078 995 1165 δ’,
1007 1081 1079 1149 ἐτί-

123 1205 187 1264 ραν
202 1184 315 1264 χρείαν
332 1175 430 1262 ἰθύν,
455 1183 485 1244 εί
500 1185 651 1263 φαίνοιτο
662 1177 776 1256 διδούς
786 1180 842 1244 καὶ
852 1177 896 1264 μη
909 1177 999 1257 ὅπως
1009 1183 1077 1267 ίθίᾳ

122 1275 163 1344 τά
181 1273 261 1344 ὅντα
279 1277 378 1344 σείσει
396 1276 660 1362 προνοούμενος,
686 1271 761 1343 ἀλλ’
778 1274 869 1355 ὅπως
878 1284 947 1345 τείν
957 1275 1078 1363 ὑμετέ-

81 1396 194 1461 Ηρων
209 1375 313 1464 μηδὲν
332 1379 451 1453 ἐνδεῶς
468 1371 578 1456 ἕξειτό
591 1371 671 1442 καθ’
686 1372 798 1442 αὑτόν.
830 1381 953 1442 τοῦτον
963 1379 1078 1461 μέντοι

120 1472 181 1541 τὸν
196 1482 242 1559 τῷ
260 1473 322 1560 μὲν
333 1478 419 1562 ἔργῳ
430 1471 519 1557 παρά
530 1472 609 1551 τούς
619 1479 794 1560 μεγίστους
805 1473 944 1559 καιρούς
954 1472 1078 1543 οὑτωσὶ

119 1568 216 1638 κοινά
227 1568 268 1637 τά
279 1569 360 1638 ὄντα
370 1572 523 1659 τῷδήμῳ
535 1571 752 1660 κεκτημένον,
775 1578 823 1659 τῷ
837 1572 873 1639 δὲ
892 1571 1012 1658 ῥήματι
1022 1576 1078 1641 καὶ

120 1677 160 1757 τῇ
170 1677 247 1756 τιμῇ
258 1666 319 1754 την
329 1666 478 1736 ἀτέλειαν
488 1675 605 1754 ἔχοντα
614 1666 689 1755 ούχὶ
698 1669 760 1757 την
772 1669 921 1741 ἀτέλειαν
931 1672 1076 1762 ἀφαιρή-

120 1776 223 1834 σεσθε
235 1763 327 1851 (οὐδὲ
337 1766 401 1851 γάρ
414 1765 499 1853 ούση
510 1767 679 1853 χρώμενος
688 1776 865 1856 φαίνεται),
877 1770 961 1840 ἀλλά
970 1772 1008 1843 τό
1020 1799 1077 1842 πι·

120 1863 249 1932 στεύειν
265 1863 363 1950 ὑμῖν,
386 1857 430 1931 ού
438 1875 472 1932 τί
479 1863 602 1950 γίνοιτ’
615 1862 660 1935 ἀν
670 1878 812 1954 αίσχιου;
832 1867 869 1938 τύ
881 1879 998 1941 τοίνυν
1009 1874 1076 1959 γη-

119 1982 232 2050 φισμα
246 1960 326 2050 ύμῖν
348 1961 429 2031 αύτό
447 1962 676 2048 ἀναγνώσεται
691 1965 728 2034 τύ
747 1968 822 2036 τότε
839 1971 1011 2057 ψηφισθὲν
1026 1980 1073 2061 τῷ

119 2059 225 2145 ἀνδρί.
255 2064 493 2146 καὶθεωρείτε,
517 2055 545 2128 ω’
556 2061 871 2152 ἀυδρεςἏθηναίοι,
895 2064 957 2135 ὅσα
968 2076 1076 2153 ψηφί-

120 2157 216 2245 σματ’
230 2158 340 2244 ἀκυρα
350 2156 464 2227 ποιεῑὸ
476 2160 595 2246 νόμος,
608 2164 661 2229 καὶ
674 2161 775 2242 ὅσους
785 2161 989 2249 ἀνθρώπους
999 2165 1075 2232 ἀδι-

119 2271 186 2343 κεῖ,
208 2259 264 2325 καὶ
279 2260 316 2325 ἐν
328 2254 454 2336 ὁποίοις
464 2273 592 2345 καιροῖς
602 2267 782 2348 χρησίμους
793 2261 873 2350 ὑμῖν
882 2264 1073 2346 παρασχόν-

119 2383 177 2434 τας
187 2357 341 2435 ἕαυτούς·
361 2356 517 2443 εὑρήσετε
527 2357 592 2444 γάρ
602 2361 753 2444 τούτους,
765 2358 825 2439 οὓς
836 2357 953 2446 ἥκιστα
964 2379 1072 2442 προσ-

119 2460 216 2538 ῆκεν,
229 2452 416 2520 ἀδικοῦντα.
447 2458 529 2538 λέγε.

482 2641 714 2704 ΨΗΦΙΣΜΑ.

75 2791 109 2843 45
168 2775 170 2779 ’
207 2759 272 2837 Τάς
288 2761 350 2845 μὲν
361 2758 559 2849 εὐεργεσίας,
571 2755 711 2831 ἀνθ’ύν
722 2761 836 2847 εὕρετο
848 2762 910 2849 την
921 2761 1072 2834 ἀτέλειαν

118 2855 348 2944 ὁἘπικίρδης,
368 2855 525 2944 ἀκηκόατ’
539 2862 655 2927 ἐκτῶν
665 2858 901 2947 ψηφισμάτων,
914 2853 941 2928 ὦ
952 2861 1072 2949 ἀνδρες

117 2962 276 3025 δικασταί.
310 2971 463 3024 σκοπεῖτε
480 2960 516 3024 ἀὲ
532 2955 576 3044 μη
594 2966 710 3043 τοῦτο,
732 2964 763 3025 εί
779 2966 864 3044 μνᾶς
881 2959 1000 3027 ἑκατὸν
1016 2965 1071 3031 καὶ

117 3054 218 3127 πάλιν
228 3054 392 3122 τάλαντον
402 3059 525 3123 ἔδωκεν
536 3055 629 3144 (οὐδὲ
639 3055 703 3144 γάρ
714 3055 793 3135 τούς
803 3057 967 3143 λαβόντας
976 3058 1070 3143 ἔγωγ’

116 3151 260 3238 ἡγοῦμαι
275 3153 313 3220 τύ
330 3160 461 3241 πλῆθος
476 3164 544 3223 τοῖν
560 3156 737 3242 χρημάτων
759 3155 963 3240 θαυμάσαι),
985 3155 1069 3224 ἀλλά

116 3247 180 3336 τὴν
196 3258 392 3337 προθυμίαν
406 3255 462 3320 καί
476 3252 514 3320 τὸ
537 3250 641 3321 αύιύν
661 3254 943 3339 ἐπαγγειλάμενον
964 3269 1071 3322 ποιεῖν
1078 3259 1119 3313 47:

75 3350 173 3418 §final
197 3347 275 3428 τούς
292 3350 430 3435 καιρούς
446 3356 483 3420 ἐν
502 3347 558 3431 οἷς.
595 3352 715 3431 πάντες
731 3353 793 3437 μὲν
810 3353 874 3436 γάρ
892 3359 975 3420 είσιν
992 3362 1070 3430 ἴσως

116 3446 201 3527 ἄξιοι
208 3446 624 3538 χάρινάυταπολαμβάνειν
633 3451 990 3541 οίπρούπάρχοντεςτῷ
999 3474 1070 3516 ποι·
