<?xml version="1.0" encoding="UTF-8"?>
<!DOCTYPE html PUBLIC "-//W3C//DTD XHTML 1.0 Transitional//EN"
    "http://www.w3.org/TR/xhtml1/DTD/xhtml1-transitional.dtd">
<html xmlns="http://www.w3.org/1999/xhtml" xml:lang="en" lang="en">
 <head>
  <title>
</title>
<meta http-equiv="Content-Type" content="text/html;charset=utf-8" />
  <meta name='ocr-system' content='tesseract 3.04.00' />
  <meta name='ocr-capabilities' content='ocr_page ocr_carea ocr_par ocr_line ocrx_word'/>
</head>
<body>
  <div class='ocr_page' id='page_1' title='image "./orationesexrece01demogoog_0330.png"; bbox 0 0 2370 3854; ppageno 0'>
   <div class='ocr_carea' id='block_1_1' title="bbox 360 196 1054 264">
    <p class='ocr_par' dir='ltr' id='par_1_1' title="bbox 360 196 1054 264">
     <span class='ocr_line' id='line_1_1' title="bbox 360 196 1054 264; baseline 0.01 -7"><span class='ocrx_word' id='word_1_1' title='bbox 360 196 504 258; x_wconf 82' lang='grc' dir='ltr'><em>ΚΑΤΑ</em></span> <span class='ocrx_word' id='word_1_2' title='bbox 524 197 740 259; x_wconf 72' lang='grc' dir='ltr'><em>ΑΦΟΒΟΤ</em></span> <span class='ocrx_word' id='word_1_3' title='bbox 759 201 795 260; x_wconf 89' lang='lat' dir='ltr'><strong><em>B.</em></strong></span> <span class='ocrx_word' id='word_1_4' title='bbox 992 200 1054 264; x_wconf 81' lang='lat'><strong><em>331</em></strong></span> 
     </span>
    </p>
   </div>
   <div class='ocr_carea' id='block_1_2' title="bbox 101 345 1170 448">
    <p class='ocr_par' dir='ltr' id='par_1_2' title="bbox 101 345 1170 448">
     <span class='ocr_line' id='line_1_2' title="bbox 101 345 1170 448; baseline 0.006 -21"><span class='ocrx_word' id='word_1_5' title='bbox 101 355 233 441; x_wconf 77' lang='grc' dir='ltr'><strong><em>ὁτιοῦν,</em></strong></span> <span class='ocrx_word' id='word_1_6' title='bbox 254 358 309 425; x_wconf 77' lang='grc' dir='ltr'><strong><em>καὶ</em></strong></span> <span class='ocrx_word' id='word_1_7' title='bbox 325 353 448 435; x_wconf 76' lang='grc' dir='ltr'><strong><em>αὐτοῦς</em></strong></span> <span class='ocrx_word' id='word_1_8' title='bbox 466 355 502 423; x_wconf 77' lang='grc' dir='ltr'><strong><em>δέ</em></strong></span> <span class='ocrx_word' id='word_1_9' title='bbox 518 354 598 434; x_wconf 82' lang='grc' dir='ltr'><strong><em>τούς</em></strong></span> <span class='ocrx_word' id='word_1_10' title='bbox 608 353 811 444; x_wconf 74' lang='grc' dir='ltr'><strong><em>ἀνθρώπους</em></strong></span> <span class='ocrx_word' id='word_1_11' title='bbox 821 355 1002 448; x_wconf 82' lang='grc' dir='ltr'><strong><em>ἠφάνικεν,</em></strong></span> <span class='ocrx_word' id='word_1_12' title='bbox 1023 370 1058 432; x_wconf 80' lang='grc' dir='ltr'><strong><em>οἳ</em></strong></span> <span class='ocrx_word' id='word_1_13' title='bbox 1106 345 1120 410; x_wconf 76' lang='lat'><strong><em>.&#39;</em></strong></span> <span class='ocrx_word' id='word_1_14' title='bbox 1168 359 1170 362; x_wconf 10' lang='grc' dir='ltr'><em>Α</em></span> 
     </span>
    </p>
   </div>
   <div class='ocr_carea' id='block_1_3' title="bbox 101 452 1056 640">
    <p class='ocr_par' dir='ltr' id='par_1_3' title="bbox 101 452 1056 640">
     <span class='ocr_line' id='line_1_3' title="bbox 102 452 1056 546; baseline 0.005 -23"><span class='ocrx_word' id='word_1_15' title='bbox 102 454 230 524; x_wconf 82' lang='grc' dir='ltr'><strong><em>δάδεκα</em></strong></span> <span class='ocrx_word' id='word_1_16' title='bbox 246 462 331 540; x_wconf 78' lang='grc' dir='ltr'><strong><em>μνᾶς</em></strong></span> <span class='ocrx_word' id='word_1_17' title='bbox 348 452 472 532; x_wconf 90' lang='grc' dir='ltr'><strong><em>ἀτελεῖς</em></strong></span> <span class='ocrx_word' id='word_1_18' title='bbox 489 452 630 523; x_wconf 77' lang='grc' dir='ltr'><strong><em>ἑκάστου</em></strong></span> <span class='ocrx_word' id='word_1_19' title='bbox 647 463 709 522; x_wconf 87' lang='grc' dir='ltr'><strong><em>τοῦ</em></strong></span> <span class='ocrx_word' id='word_1_20' title='bbox 724 458 881 525; x_wconf 78' lang='grc' dir='ltr'><strong><em>ἐνιαυτοῦ</em></strong></span> <span class='ocrx_word' id='word_1_21' title='bbox 890 462 1056 546; x_wconf 84' lang='grc' dir='ltr'><strong><em>προσέφε-</em></strong></span> 
     </span>
     <span class='ocr_line' id='line_1_4' title="bbox 101 551 401 640; baseline -0.007 -20"><span class='ocrx_word' id='word_1_22' title='bbox 101 579 171 640; x_wconf 92' lang='grc' dir='ltr'><strong><em>ρον.</em></strong></span> <span class='ocrx_word' id='word_1_23' title='bbox 196 551 264 637; x_wconf 79' lang='grc' dir='ltr'><strong><em>λέγ’</em></strong></span> <span class='ocrx_word' id='word_1_24' title='bbox 279 553 401 636; x_wconf 85' lang='grc' dir='ltr'><strong><em>ἑτέραν.</em></strong></span> 
     </span>
    </p>
   </div>
   <div class='ocr_carea' id='block_1_4' title="bbox 456 687 698 751">
    <p class='ocr_par' dir='ltr' id='par_1_4' title="bbox 456 687 698 751">
     <span class='ocr_line' id='line_1_5' title="bbox 456 687 698 751; baseline 0.012 -4"><span class='ocrx_word' id='word_1_25' title='bbox 456 687 698 751; x_wconf 75' lang='lat' dir='ltr'><em>MAPTYPIA.</em></span> 
     </span>
    </p>
   </div>
   <div class='ocr_carea' id='block_1_5' title="bbox 60 793 1053 1176">
    <p class='ocr_par' dir='ltr' id='par_1_5' title="bbox 60 793 1053 1176">
     <span class='ocr_line' id='line_1_6' title="bbox 60 793 1053 883; baseline 0.004 -22"><span class='ocrx_word' id='word_1_26' title='bbox 60 829 92 881; x_wconf 76' lang='lat'><strong><em>13</em></strong></span> <span class='ocrx_word' id='word_1_27' title='bbox 187 802 315 863; x_wconf 86' lang='grc' dir='ltr'><strong><em>Τοῦτον</em></strong></span> <span class='ocrx_word' id='word_1_28' title='bbox 330 793 390 864; x_wconf 73' lang='grc' dir='ltr'><strong><em>τὸν</em></strong></span> <span class='ocrx_word' id='word_1_29' title='bbox 408 796 570 882; x_wconf 75' lang='grc' dir='ltr'><strong><em>ἐλέφαντα</em></strong></span> <span class='ocrx_word' id='word_1_30' title='bbox 585 796 642 865; x_wconf 80' lang='grc' dir='ltr'><strong><em>καὶ</em></strong></span> <span class='ocrx_word' id='word_1_31' title='bbox 658 794 719 865; x_wconf 85' lang='grc' dir='ltr'><strong><em>τὸν</em></strong></span> <span class='ocrx_word' id='word_1_32' title='bbox 729 801 866 883; x_wconf 81' lang='grc' dir='ltr'><strong><em>σίδηρον</em></strong></span> <span class='ocrx_word' id='word_1_33' title='bbox 877 795 1053 880; x_wconf 82' lang='grc' dir='ltr'><strong><em>πεπρακάς</em></strong></span> 
     </span>
     <span class='ocr_line' id='line_1_7' title="bbox 100 888 1052 981; baseline 0.002 -22"><span class='ocrx_word' id='word_1_34' title='bbox 100 888 179 960; x_wconf 68' lang='grc' dir='ltr'><strong><em>οὐδὲ</em></strong></span> <span class='ocrx_word' id='word_1_35' title='bbox 194 899 460 978; x_wconf 82' lang='grc' dir='ltr'><strong><em>καταλειφθῆναί</em></strong></span> <span class='ocrx_word' id='word_1_36' title='bbox 476 911 596 981; x_wconf 88' lang='grc' dir='ltr'><strong><em>φησιν,</em></strong></span> <span class='ocrx_word' id='word_1_37' title='bbox 618 891 703 963; x_wconf 87' lang='grc' dir='ltr'><strong><em>ἀλλά</em></strong></span> <span class='ocrx_word' id='word_1_38' title='bbox 721 895 776 962; x_wconf 84' lang='grc' dir='ltr'><strong><em>καὶ</em></strong></span> <span class='ocrx_word' id='word_1_39' title='bbox 791 893 920 961; x_wconf 76' lang='grc' dir='ltr'><strong><em>τούτων</em></strong></span> <span class='ocrx_word' id='word_1_40' title='bbox 931 894 1052 981; x_wconf 79' lang='grc' dir='ltr'><strong><em>τηντι-</em></strong></span> 
     </span>
     <span class='ocr_line' id='line_1_8' title="bbox 99 988 1049 1078; baseline 0 -20"><span class='ocrx_word' id='word_1_41' title='bbox 99 988 167 1078; x_wconf 75' lang='grc' dir='ltr'><strong><em>μὴν</em></strong></span> <span class='ocrx_word' id='word_1_42' title='bbox 188 988 365 1077; x_wconf 87' lang='grc' dir='ltr'><strong><em>ἀποστερεῖ</em></strong></span> <span class='ocrx_word' id='word_1_43' title='bbox 382 1017 439 1078; x_wconf 88' lang='grc' dir='ltr'><strong><em>με,</em></strong></span> <span class='ocrx_word' id='word_1_44' title='bbox 464 991 604 1078; x_wconf 89' lang='grc' dir='ltr'><strong><em>μάλιστα</em></strong></span> <span class='ocrx_word' id='word_1_45' title='bbox 624 992 787 1062; x_wconf 88' lang='grc' dir='ltr'><strong><em>τάλαντον</em></strong></span> <span class='ocrx_word' id='word_1_46' title='bbox 809 995 864 1060; x_wconf 81' lang='grc' dir='ltr'><strong><em>καλ</em></strong></span> <span class='ocrx_word' id='word_1_47' title='bbox 885 996 1049 1078; x_wconf 74' lang='grc' dir='ltr'><strong><em>δισχιλίας.</em></strong></span> 
     </span>
     <span class='ocr_line' id='line_1_9' title="bbox 99 1093 329 1176; baseline -0.009 -18"><span class='ocrx_word' id='word_1_48' title='bbox 99 1093 173 1176; x_wconf 77' lang='grc' dir='ltr'><strong><em>λέγε</em></strong></span> <span class='ocrx_word' id='word_1_49' title='bbox 184 1097 329 1158; x_wconf 86' lang='grc' dir='ltr'><strong><em>ταυτασί.</em></strong></span> 
     </span>
    </p>
   </div>
   <div class='ocr_carea' id='block_1_6' title="bbox 96 1210 1165 1695">
    <p class='ocr_par' dir='ltr' id='par_1_6' title="bbox 96 1210 1165 1695">
     <span class='ocr_line' id='line_1_10' title="bbox 209 1210 707 1281; baseline 0.004 -13"><span class='ocrx_word' id='word_1_50' title='bbox 209 1277 211 1281; x_wconf 14' lang='lat'><strong>¹</strong></span> <span class='ocrx_word' id='word_1_51' title='bbox 451 1210 707 1270; x_wconf 77' lang='grc' dir='ltr'><em>ΜΛΡΊῪΡΙΑΙ.</em></span> 
     </span>
     <span class='ocr_line' id='line_1_11' title="bbox 186 1305 1165 1405; baseline 0.006 -24"><span class='ocrx_word' id='word_1_52' title='bbox 186 1312 296 1381; x_wconf 89' lang='grc' dir='ltr'><strong><em>Ταῦθ’</em></strong></span> <span class='ocrx_word' id='word_1_53' title='bbox 317 1305 415 1393; x_wconf 82' lang='grc' dir='ltr'><strong><em>οὗτος</em></strong></span> <span class='ocrx_word' id='word_1_54' title='bbox 429 1320 503 1398; x_wconf 81' lang='grc' dir='ltr'><strong><em>τρία</em></strong></span> <span class='ocrx_word' id='word_1_55' title='bbox 519 1313 663 1383; x_wconf 87' lang='grc' dir='ltr'><strong><em>τάλαντα</em></strong></span> <span class='ocrx_word' id='word_1_56' title='bbox 679 1317 734 1383; x_wconf 79' lang='grc' dir='ltr'><strong><em>καὶ</em></strong></span> <span class='ocrx_word' id='word_1_57' title='bbox 750 1321 854 1401; x_wconf 79' lang='grc' dir='ltr'><strong><em>χιλίας</em></strong></span> <span class='ocrx_word' id='word_1_58' title='bbox 870 1323 934 1402; x_wconf 77' lang='grc' dir='ltr'><strong><em>ἔχει</em></strong></span> <span class='ocrx_word' id='word_1_59' title='bbox 954 1321 1052 1405; x_wconf 75' lang='grc' dir='ltr'><strong><em>χωρὶς</em></strong></span> <span class='ocrx_word' id='word_1_60' title='bbox 1163 1324 1165 1331; x_wconf 73' lang='lat'>&#39;</span> 
     </span>
     <span class='ocr_line' id='line_1_12' title="bbox 97 1406 1050 1501; baseline 0.005 -23"><span class='ocrx_word' id='word_1_61' title='bbox 97 1420 167 1478; x_wconf 81' lang='grc' dir='ltr'><strong><em>τῦυ</em></strong></span> <span class='ocrx_word' id='word_1_62' title='bbox 183 1411 307 1494; x_wconf 84' lang='grc' dir='ltr'><strong><em>ἀλλων,</em></strong></span> <span class='ocrx_word' id='word_1_63' title='bbox 330 1418 392 1476; x_wconf 87' lang='grc' dir='ltr'><strong><em>τοῦ</em></strong></span> <span class='ocrx_word' id='word_1_64' title='bbox 402 1410 464 1496; x_wconf 73' lang='grc' dir='ltr'><strong><em>μέν</em></strong></span> <span class='ocrx_word' id='word_1_65' title='bbox 474 1406 612 1497; x_wconf 80' lang='grc' dir='ltr'><strong><em>ἀρχαίου</em></strong></span> <span class='ocrx_word' id='word_1_66' title='bbox 622 1417 696 1496; x_wconf 80' lang='grc' dir='ltr'><strong><em>τρία</em></strong></span> <span class='ocrx_word' id='word_1_67' title='bbox 706 1411 865 1499; x_wconf 86' lang='grc' dir='ltr'><strong><em>τάλαντα,</em></strong></span> <span class='ocrx_word' id='word_1_68' title='bbox 889 1413 1050 1501; x_wconf 81' lang='grc' dir='ltr'><strong><em>ἀεῖληφε·</em></strong></span> 
     </span>
     <span class='ocr_line' id='line_1_13' title="bbox 98 1503 1052 1597; baseline 0.003 -20"><span class='ocrx_word' id='word_1_69' title='bbox 98 1509 163 1577; x_wconf 81' lang='grc' dir='ltr'><strong><em>σὺν</em></strong></span> <span class='ocrx_word' id='word_1_70' title='bbox 174 1509 210 1575; x_wconf 78' lang='grc' dir='ltr'><strong><em>δὲ</em></strong></span> <span class='ocrx_word' id='word_1_71' title='bbox 220 1521 287 1586; x_wconf 90' lang='grc' dir='ltr'><strong><em>τοῖς</em></strong></span> <span class='ocrx_word' id='word_1_72' title='bbox 298 1513 417 1594; x_wconf 76' lang='grc' dir='ltr'><strong><em>ἔργοις,</em></strong></span> <span class='ocrx_word' id='word_1_73' title='bbox 427 1503 471 1576; x_wconf 85' lang='grc' dir='ltr'><strong><em>ἀν</em></strong></span> <span class='ocrx_word' id='word_1_74' title='bbox 480 1511 532 1576; x_wconf 77' lang='grc' dir='ltr'><strong><em>ἐπὶ</em></strong></span> <span class='ocrx_word' id='word_1_75' title='bbox 541 1511 668 1595; x_wconf 78' lang='grc' dir='ltr'><strong><em>δραχμῇ</em></strong></span> <span class='ocrx_word' id='word_1_76' title='bbox 677 1535 725 1588; x_wconf 88' lang='grc' dir='ltr'><strong><em>τις</em></strong></span> <span class='ocrx_word' id='word_1_77' title='bbox 734 1517 812 1597; x_wconf 75' lang='grc' dir='ltr'><strong><em>τιθῇ</em></strong></span> <span class='ocrx_word' id='word_1_78' title='bbox 821 1510 939 1596; x_wconf 84' lang='grc' dir='ltr'><strong><em>μόνον,</em></strong></span> <span class='ocrx_word' id='word_1_79' title='bbox 950 1514 1052 1580; x_wconf 81' lang='grc' dir='ltr'><strong><em>πλέον</em></strong></span> 
     </span>
     <span class='ocr_line' id='line_1_14' title="bbox 96 1603 746 1695; baseline -0.003 -19"><span class='ocrx_word' id='word_1_80' title='bbox 96 1603 208 1695; x_wconf 75' lang='grc' dir='ltr'><strong><em>ἦδέκα</em></strong></span> <span class='ocrx_word' id='word_1_81' title='bbox 218 1606 364 1675; x_wconf 86' lang='grc' dir='ltr'><strong><em>τάλαντα</em></strong></span> <span class='ocrx_word' id='word_1_82' title='bbox 375 1613 447 1693; x_wconf 76' lang='grc' dir='ltr'><strong><em>ἔχει.</em></strong></span> <span class='ocrx_word' id='word_1_83' title='bbox 469 1611 543 1691; x_wconf 77' lang='grc' dir='ltr'><strong><em>λέγε</em></strong></span> <span class='ocrx_word' id='word_1_84' title='bbox 553 1604 611 1685; x_wconf 88' lang='grc' dir='ltr'><strong><em>τάς</em></strong></span> <span class='ocrx_word' id='word_1_85' title='bbox 621 1609 746 1694; x_wconf 79' lang='grc' dir='ltr'><strong><em>έφεξῆς.</em></strong></span> 
     </span>
    </p>
   </div>
   <div class='ocr_carea' id='block_1_7' title="bbox 440 1742 700 1804">
    <p class='ocr_par' dir='ltr' id='par_1_7' title="bbox 440 1742 700 1804">
     <span class='ocr_line' id='line_1_15' title="bbox 440 1742 700 1804; baseline -0.004 -2"><span class='ocrx_word' id='word_1_86' title='bbox 440 1742 700 1804; x_wconf 69' lang='grc' dir='ltr'><em>ΜΑΡΤῬΡΙΑΙ.</em></span> 
     </span>
    </p>
   </div>
   <div class='ocr_carea' id='block_1_8' title="bbox 51 1844 1175 3503">
    <p class='ocr_par' dir='ltr' id='par_1_8' title="bbox 56 1844 1175 2720">
     <span class='ocr_line' id='line_1_16' title="bbox 56 1844 1050 1941; baseline -0.001 -23"><span class='ocrx_word' id='word_1_87' title='bbox 56 1890 88 1941; x_wconf 71' lang='lat'><strong><em>14</em></strong></span> <span class='ocrx_word' id='word_1_88' title='bbox 184 1849 295 1919; x_wconf 87' lang='grc' dir='ltr'><strong><em>Ταῦθ’</em></strong></span> <span class='ocrx_word' id='word_1_89' title='bbox 315 1844 409 1918; x_wconf 82' lang='grc' dir='ltr'><strong><em>οὖτοι</em></strong></span> <span class='ocrx_word' id='word_1_90' title='bbox 425 1857 595 1937; x_wconf 76' lang='grc' dir='ltr'><strong><em>γραφῆναι</em></strong></span> <span class='ocrx_word' id='word_1_91' title='bbox 611 1849 672 1936; x_wconf 76' lang='grc' dir='ltr'><strong><em>μέν</em></strong></span> <span class='ocrx_word' id='word_1_92' title='bbox 682 1852 719 1917; x_wconf 84' lang='grc' dir='ltr'><strong><em>έν</em></strong></span> <span class='ocrx_word' id='word_1_93' title='bbox 728 1861 799 1928; x_wconf 90' lang='grc' dir='ltr'><strong><em>ταῖς</em></strong></span> <span class='ocrx_word' id='word_1_94' title='bbox 809 1849 984 1936; x_wconf 73' lang='grc' dir='ltr'><strong><em>διαθήκαις</em></strong></span> <span class='ocrx_word' id='word_1_95' title='bbox 995 1853 1050 1917; x_wconf 79' lang='grc' dir='ltr'><strong><em>καὶ</em></strong></span> 
     </span>
     <span class='ocr_line' id='line_1_17' title="bbox 96 1941 1051 2036; baseline 0 -19"><span class='ocrx_word' id='word_1_96' title='bbox 96 1957 209 2036; x_wconf 79' lang='grc' dir='ltr'><strong><em>λαβεῖν</em></strong></span> <span class='ocrx_word' id='word_1_97' title='bbox 226 1956 314 2036; x_wconf 82' lang='grc' dir='ltr'><strong><em>σφᾶς</em></strong></span> <span class='ocrx_word' id='word_1_98' title='bbox 330 1945 453 2027; x_wconf 80' lang='grc' dir='ltr'><strong><em>αὐτοῦς</em></strong></span> <span class='ocrx_word' id='word_1_99' title='bbox 468 1946 541 2016; x_wconf 86' lang='grc' dir='ltr'><strong><em>κατ’</em></strong></span> <span class='ocrx_word' id='word_1_100' title='bbox 555 1946 709 2034; x_wconf 79' lang='grc' dir='ltr'><strong><em>ἀλλήλοιν</em></strong></span> <span class='ocrx_word' id='word_1_101' title='bbox 719 1955 955 2034; x_wconf 86' lang='grc' dir='ltr'><strong><em>μαρτυροῦσιν.</em></strong></span> <span class='ocrx_word' id='word_1_102' title='bbox 988 1941 1051 2017; x_wconf 83' lang='grc' dir='ltr'><strong><em>οῦ-</em></strong></span> 
     </span>
     <span class='ocr_line' id='line_1_18' title="bbox 96 2043 1175 2134; baseline 0.001 -20"><span class='ocrx_word' id='word_1_103' title='bbox 96 2075 151 2127; x_wconf 89' lang='grc' dir='ltr'><strong><em>τος</em></strong></span> <span class='ocrx_word' id='word_1_104' title='bbox 173 2047 279 2116; x_wconf 77' lang='grc' dir='ltr'><strong><em>δὲκαὶ</em></strong></span> <span class='ocrx_word' id='word_1_105' title='bbox 296 2055 576 2134; x_wconf 82' lang='grc' dir='ltr'><strong><em>μεταπεμφθῆναι</em></strong></span> <span class='ocrx_word' id='word_1_106' title='bbox 594 2045 735 2131; x_wconf 84' lang='grc' dir='ltr'><strong><em>φάσκων</em></strong></span> <span class='ocrx_word' id='word_1_107' title='bbox 751 2043 818 2114; x_wconf 80' lang='grc' dir='ltr'><strong><em>ὑπὸ</em></strong></span> <span class='ocrx_word' id='word_1_108' title='bbox 836 2047 1048 2132; x_wconf 82' lang='grc' dir='ltr'><strong><em>τοῦπατρὸς,</em></strong></span> <span class='ocrx_word' id='word_1_109' title='bbox 1172 2116 1175 2121; x_wconf 83' lang='grc'><strong><em>,</em></strong></span> 
     </span>
     <span class='ocr_line' id='line_1_19' title="bbox 95 2141 1111 2230; baseline 0 -18"><span class='ocrx_word' id='word_1_110' title='bbox 95 2148 150 2213; x_wconf 77' lang='grc' dir='ltr'><strong><em>καὶ</em></strong></span> <span class='ocrx_word' id='word_1_111' title='bbox 171 2141 283 2212; x_wconf 73' lang='grc' dir='ltr'><strong><em>ἐλθών</em></strong></span> <span class='ocrx_word' id='word_1_112' title='bbox 300 2150 346 2223; x_wconf 78' lang='grc' dir='ltr'><strong><em>είς</em></strong></span> <span class='ocrx_word' id='word_1_113' title='bbox 362 2142 424 2228; x_wconf 81' lang='grc' dir='ltr'><strong><em>τὴν</em></strong></span> <span class='ocrx_word' id='word_1_114' title='bbox 441 2148 550 2211; x_wconf 83' lang='grc' dir='ltr'><strong><em>οάκίαν</em></strong></span> <span class='ocrx_word' id='word_1_115' title='bbox 569 2150 732 2211; x_wconf 72' lang='grc' dir='ltr'><strong><em>εἰσελθεῖν</em></strong></span> <span class='ocrx_word' id='word_1_116' title='bbox 748 2143 809 2228; x_wconf 68' lang='grc' dir='ltr'><strong><em>μέν</em></strong></span> <span class='ocrx_word' id='word_1_117' title='bbox 827 2142 869 2210; x_wconf 85' lang='grc' dir='ltr'><strong><em>οῦ</em></strong></span> <span class='ocrx_word' id='word_1_118' title='bbox 886 2163 989 2230; x_wconf 86' lang='grc' dir='ltr'><strong><em>φησιν</em></strong></span> <span class='ocrx_word' id='word_1_119' title='bbox 1006 2143 1111 2224; x_wconf 70' lang='grc' dir='ltr'><strong><em>ὠςθςο</em></strong></span> 
     </span>
     <span class='ocr_line' id='line_1_20' title="bbox 94 2237 1050 2328; baseline 0 -18"><span class='ocrx_word' id='word_1_120' title='bbox 94 2244 154 2310; x_wconf 83' lang='grc' dir='ltr'><strong><em>τὸν</em></strong></span> <span class='ocrx_word' id='word_1_121' title='bbox 171 2240 486 2328; x_wconf 82' lang='grc' dir='ltr'><strong><em>μεταπεμψάμενον,</em></strong></span> <span class='ocrx_word' id='word_1_122' title='bbox 510 2237 586 2308; x_wconf 84' lang='grc' dir='ltr'><strong><em>οὐδ’</em></strong></span> <span class='ocrx_word' id='word_1_123' title='bbox 609 2237 811 2326; x_wconf 77' lang='grc' dir='ltr'><strong><em>ὁμολογῆσαι</em></strong></span> <span class='ocrx_word' id='word_1_124' title='bbox 832 2242 1050 2325; x_wconf 82' lang='grc' dir='ltr'><strong><em>περὶτούτων</em></strong></span> 
     </span>
     <span class='ocr_line' id='line_1_21' title="bbox 94 2334 1050 2425; baseline 0 -19"><span class='ocrx_word' id='word_1_125' title='bbox 94 2337 210 2422; x_wconf 75' lang='grc' dir='ltr'><strong><em>οὐδέν,</em></strong></span> <span class='ocrx_word' id='word_1_126' title='bbox 231 2344 464 2424; x_wconf 76' lang='grc' dir='ltr'><strong><em>Δημοφῶντος</em></strong></span> <span class='ocrx_word' id='word_1_127' title='bbox 480 2334 513 2406; x_wconf 86' lang='grc' dir='ltr'><strong><em>δ’</em></strong></span> <span class='ocrx_word' id='word_1_128' title='bbox 534 2335 677 2405; x_wconf 86' lang='grc' dir='ltr'><strong><em>ἀκοῦσαι</em></strong></span> <span class='ocrx_word' id='word_1_129' title='bbox 691 2353 914 2424; x_wconf 78' lang='grc' dir='ltr'><strong><em>γραμματεῖον</em></strong></span> <span class='ocrx_word' id='word_1_130' title='bbox 932 2338 1050 2425; x_wconf 80' lang='grc' dir='ltr'><strong><em>ἀναγι-</em></strong></span> 
     </span>
     <span class='ocr_line' id='line_1_22' title="bbox 92 2433 1049 2522; baseline 0 -19"><span class='ocrx_word' id='word_1_131' title='bbox 92 2435 371 2522; x_wconf 80' lang='grc' dir='ltr'><strong><em>γνάσκοντοςκαὶ</em></strong></span> <span class='ocrx_word' id='word_1_132' title='bbox 379 2440 588 2522; x_wconf 74' lang='grc' dir='ltr'><strong><em>Θηριππίδου</em></strong></span> <span class='ocrx_word' id='word_1_133' title='bbox 600 2439 754 2520; x_wconf 81' lang='grc' dir='ltr'><strong><em>λέγοντος</em></strong></span> <span class='ocrx_word' id='word_1_134' title='bbox 764 2433 807 2516; x_wconf 80' lang='grc' dir='ltr'><strong><em>ὡς</em></strong></span> <span class='ocrx_word' id='word_1_135' title='bbox 815 2439 938 2516; x_wconf 80' lang='grc' dir='ltr'><strong><em>ἐκεῖνος</em></strong></span> <span class='ocrx_word' id='word_1_136' title='bbox 946 2444 1049 2504; x_wconf 87' lang='grc' dir='ltr'><strong><em>ταῦτα</em></strong></span> 
     </span>
     <span class='ocr_line' id='line_1_23' title="bbox 95 2530 1159 2622; baseline -0.001 -20"><span class='ocrx_word' id='word_1_137' title='bbox 95 2539 241 2622; x_wconf 89' lang='grc' dir='ltr'><strong><em>διέθετο,</em></strong></span> <span class='ocrx_word' id='word_1_138' title='bbox 260 2536 316 2603; x_wconf 81' lang='grc' dir='ltr'><strong><em>καὶ</em></strong></span> <span class='ocrx_word' id='word_1_139' title='bbox 333 2530 627 2621; x_wconf 81' lang='grc' dir='ltr'><strong><em>προεισεληλυθάς</em></strong></span> <span class='ocrx_word' id='word_1_140' title='bbox 637 2536 692 2603; x_wconf 83' lang='grc' dir='ltr'><strong><em>καὶ</em></strong></span> <span class='ocrx_word' id='word_1_141' title='bbox 704 2531 833 2602; x_wconf 80' lang='grc' dir='ltr'><strong><em>ἅπαντα</em></strong></span> <span class='ocrx_word' id='word_1_142' title='bbox 844 2538 1049 2622; x_wconf 76' lang='grc' dir='ltr'><strong><em>διωμολονη-</em></strong></span> <span class='ocrx_word' id='word_1_143' title='bbox 1155 2608 1159 2615; x_wconf 59' lang='grc'><strong><em>,</em></strong></span> 
     </span>
     <span class='ocr_line' id='line_1_24' title="bbox 92 2630 1047 2720; baseline -0.002 -18"><span class='ocrx_word' id='word_1_144' title='bbox 92 2636 191 2720; x_wconf 89' lang='grc' dir='ltr'><strong><em>μένος</em></strong></span> <span class='ocrx_word' id='word_1_145' title='bbox 207 2632 291 2720; x_wconf 86' lang='grc' dir='ltr'><strong><em>πρὸς</em></strong></span> <span class='ocrx_word' id='word_1_146' title='bbox 301 2630 362 2701; x_wconf 83' lang='grc' dir='ltr'><strong><em>τὸν</em></strong></span> <span class='ocrx_word' id='word_1_147' title='bbox 372 2635 514 2718; x_wconf 87' lang='grc' dir='ltr'><strong><em>πατέρα,</em></strong></span> <span class='ocrx_word' id='word_1_148' title='bbox 538 2630 663 2716; x_wconf 82' lang='grc' dir='ltr'><strong><em>ὅσαπερ</em></strong></span> <span class='ocrx_word' id='word_1_149' title='bbox 675 2636 799 2710; x_wconf 80' lang='grc' dir='ltr'><strong><em>ἐκεῖνος</em></strong></span> <span class='ocrx_word' id='word_1_150' title='bbox 809 2631 939 2717; x_wconf 80' lang='grc' dir='ltr'><strong><em>γράψας</em></strong></span> <span class='ocrx_word' id='word_1_151' title='bbox 950 2635 1047 2701; x_wconf 81' lang='grc' dir='ltr'><strong><em>κατέ-</em></strong></span> 
     </span>
    </p>

    <p class='ocr_par' dir='ltr' id='par_1_9' title="bbox 51 2723 1174 3503">
     <span class='ocr_line' id='line_1_25' title="bbox 51 2723 1046 2823; baseline -0.005 -20"><span class='ocrx_word' id='word_1_152' title='bbox 51 2754 82 2805; x_wconf 80' lang='lat'><strong><em>15</em></strong></span> <span class='ocrx_word' id='word_1_153' title='bbox 92 2744 197 2801; x_wconf 89' lang='grc' dir='ltr'><strong><em>λιπεν.</em></strong></span> <span class='ocrx_word' id='word_1_154' title='bbox 228 2729 245 2798; x_wconf 92' lang='grc' dir='ltr'>ὁ</span> <span class='ocrx_word' id='word_1_155' title='bbox 263 2729 328 2816; x_wconf 81' lang='grc' dir='ltr'><strong><em>γάρ</em></strong></span> <span class='ocrx_word' id='word_1_156' title='bbox 346 2729 470 2823; x_wconf 79' lang='grc' dir='ltr'><strong><em>πατὴρ,</em></strong></span> <span class='ocrx_word' id='word_1_157' title='bbox 493 2723 521 2798; x_wconf 79' lang='grc' dir='ltr'><strong><em>ά</em></strong></span> <span class='ocrx_word' id='word_1_158' title='bbox 536 2723 655 2818; x_wconf 85' lang='grc' dir='ltr'><strong><em>ἀνδρες</em></strong></span> <span class='ocrx_word' id='word_1_159' title='bbox 672 2731 837 2816; x_wconf 79' lang='grc' dir='ltr'><strong><em>δικασταὶ,</em></strong></span> <span class='ocrx_word' id='word_1_160' title='bbox 862 2725 906 2806; x_wconf 74' lang='grc' dir='ltr'><strong><em>ὡς</em></strong></span> <span class='ocrx_word' id='word_1_161' title='bbox 920 2729 1046 2818; x_wconf 82' lang='grc' dir='ltr'><strong><em>ᾔσθετο</em></strong></span> 
     </span>
     <span class='ocr_line' id='line_1_26' title="bbox 93 2827 1047 2916; baseline -0.003 -19"><span class='ocrx_word' id='word_1_162' title='bbox 93 2829 155 2916; x_wconf 77' lang='grc' dir='ltr'><strong><em>τὴν</em></strong></span> <span class='ocrx_word' id='word_1_163' title='bbox 172 2829 277 2898; x_wconf 86' lang='grc' dir='ltr'><strong><em>νόσον</em></strong></span> <span class='ocrx_word' id='word_1_164' title='bbox 293 2827 355 2897; x_wconf 89' lang='grc' dir='ltr'><strong><em>οῦκ</em></strong></span> <span class='ocrx_word' id='word_1_165' title='bbox 373 2827 661 2915; x_wconf 85' lang='grc' dir='ltr'><strong><em>ἀποφευξόμενος,</em></strong></span> <span class='ocrx_word' id='word_1_166' title='bbox 685 2832 890 2914; x_wconf 79' lang='grc' dir='ltr'><strong><em>συγκαλέσας</em></strong></span> <span class='ocrx_word' id='word_1_167' title='bbox 907 2827 1047 2906; x_wconf 85' lang='grc' dir='ltr'><strong><em>τούτους</em></strong></span> 
     </span>
     <span class='ocr_line' id='line_1_27' title="bbox 92 2924 1047 3013; baseline -0.002 -19"><span class='ocrx_word' id='word_1_168' title='bbox 92 2941 180 3010; x_wconf 80' lang='grc' dir='ltr'><strong><em>τρεῖς</em></strong></span> <span class='ocrx_word' id='word_1_169' title='bbox 201 2925 316 3013; x_wconf 75' lang='grc' dir='ltr'><strong><em>ὄντας,</em></strong></span> <span class='ocrx_word' id='word_1_170' title='bbox 337 2929 393 2994; x_wconf 77' lang='grc' dir='ltr'><strong><em>καὶ</em></strong></span> <span class='ocrx_word' id='word_1_171' title='bbox 415 2927 797 3013; x_wconf 79' lang='grc' dir='ltr'><strong><em>συμπαρακαθισάμενος</em></strong></span> <span class='ocrx_word' id='word_1_172' title='bbox 817 2927 968 3013; x_wconf 78' lang='grc' dir='ltr'><strong><em>Δήμωνα</em></strong></span> <span class='ocrx_word' id='word_1_173' title='bbox 988 2924 1047 2994; x_wconf 83' lang='grc' dir='ltr'><strong><em>τὰν</em></strong></span> 
     </span>
     <span class='ocr_line' id='line_1_28' title="bbox 92 3022 1048 3113; baseline -0.004 -20"><span class='ocrx_word' id='word_1_174' title='bbox 92 3023 258 3111; x_wconf 87' lang='grc' dir='ltr'><strong><em>άδελφὸν,</em></strong></span> <span class='ocrx_word' id='word_1_175' title='bbox 280 3024 321 3093; x_wconf 85' lang='grc' dir='ltr'><strong><em>τά</em></strong></span> <span class='ocrx_word' id='word_1_176' title='bbox 337 3025 472 3113; x_wconf 78' lang='grc' dir='ltr'><strong><em>σώματα</em></strong></span> <span class='ocrx_word' id='word_1_177' title='bbox 483 3023 578 3112; x_wconf 74' lang='grc' dir='ltr'><strong><em>ἡμῶν</em></strong></span> <span class='ocrx_word' id='word_1_178' title='bbox 589 3032 635 3104; x_wconf 78' lang='grc' dir='ltr'><strong><em>εἰς</em></strong></span> <span class='ocrx_word' id='word_1_179' title='bbox 646 3022 705 3103; x_wconf 88' lang='grc' dir='ltr'><strong><em>τάς</em></strong></span> <span class='ocrx_word' id='word_1_180' title='bbox 714 3039 823 3110; x_wconf 82' lang='grc' dir='ltr'><strong><em>χεῖρας</em></strong></span> <span class='ocrx_word' id='word_1_181' title='bbox 833 3028 971 3109; x_wconf 80' lang='grc' dir='ltr'><strong><em>ἐνέθηκε</em></strong></span> <span class='ocrx_word' id='word_1_182' title='bbox 983 3047 1048 3089; x_wconf 87' lang='grc' dir='ltr'><strong><em>πα-</em></strong></span> 
     </span>
     <span class='ocr_line' id='line_1_29' title="bbox 94 3118 1048 3210; baseline -0.005 -18"><span class='ocrx_word' id='word_1_183' title='bbox 94 3123 334 3210; x_wconf 79' lang='grc' dir='ltr'><strong><em>ρακαταθηκηυ</em></strong></span> <span class='ocrx_word' id='word_1_184' title='bbox 352 3125 583 3210; x_wconf 77' lang='grc' dir='ltr'><strong><em>ἐπονομάζων,</em></strong></span> <span class='ocrx_word' id='word_1_185' title='bbox 604 3119 667 3208; x_wconf 79' lang='grc' dir='ltr'><strong><em>την</em></strong></span> <span class='ocrx_word' id='word_1_186' title='bbox 683 3125 744 3207; x_wconf 74' lang='grc' dir='ltr'><strong><em>μέν</em></strong></span> <span class='ocrx_word' id='word_1_187' title='bbox 764 3118 914 3207; x_wconf 80' lang='grc' dir='ltr'><strong><em>ἀδελφὴν</em></strong></span> <span class='ocrx_word' id='word_1_188' title='bbox 930 3131 1048 3206; x_wconf 89' lang='grc' dir='ltr'><strong><em>Δημο-</em></strong></span> 
     </span>
     <span class='ocr_line' id='line_1_30' title="bbox 94 3215 1048 3307; baseline -0.005 -18"><span class='ocrx_word' id='word_1_189' title='bbox 94 3231 202 3306; x_wconf 75' lang='grc' dir='ltr'><strong><em>φῶντι</em></strong></span> <span class='ocrx_word' id='word_1_190' title='bbox 218 3224 273 3288; x_wconf 81' lang='grc' dir='ltr'><strong><em>καλ</em></strong></span> <span class='ocrx_word' id='word_1_191' title='bbox 291 3221 352 3289; x_wconf 89' lang='grc' dir='ltr'><strong><em>δῦο</em></strong></span> <span class='ocrx_word' id='word_1_192' title='bbox 363 3222 508 3290; x_wconf 91' lang='grc' dir='ltr'><strong><em>τάλαντα</em></strong></span> <span class='ocrx_word' id='word_1_193' title='bbox 520 3233 640 3307; x_wconf 85' lang='grc' dir='ltr'><strong><em>προῖκα</em></strong></span> <span class='ocrx_word' id='word_1_194' title='bbox 651 3216 764 3297; x_wconf 80' lang='grc' dir='ltr'><strong><em>διδοὺς</em></strong></span> <span class='ocrx_word' id='word_1_195' title='bbox 776 3215 896 3302; x_wconf 87' lang='grc' dir='ltr'><strong><em>εῦθῦς,</em></strong></span> <span class='ocrx_word' id='word_1_196' title='bbox 919 3220 974 3286; x_wconf 81' lang='grc' dir='ltr'><strong><em>καὶ</em></strong></span> <span class='ocrx_word' id='word_1_197' title='bbox 984 3244 1048 3304; x_wconf 78' lang='grc' dir='ltr'><strong><em>γυ-</em></strong></span> 
     </span>
     <span class='ocr_line' id='line_1_31' title="bbox 94 3306 1047 3406; baseline -0.001 -20"><span class='ocrx_word' id='word_1_198' title='bbox 94 3315 183 3387; x_wconf 90' lang='grc' dir='ltr'><strong><em>ναῖκ’</em></strong></span> <span class='ocrx_word' id='word_1_199' title='bbox 201 3315 290 3406; x_wconf 78' lang='grc' dir='ltr'><strong><em>αὐτῷ</em></strong></span> <span class='ocrx_word' id='word_1_200' title='bbox 309 3318 435 3405; x_wconf 83' lang='grc' dir='ltr'><strong><em>ταύτην</em></strong></span> <span class='ocrx_word' id='word_1_201' title='bbox 450 3323 594 3405; x_wconf 76' lang='grc' dir='ltr'><strong><em>ένγυῦν,</em></strong></span> <span class='ocrx_word' id='word_1_202' title='bbox 618 3317 673 3404; x_wconf 77' lang='grc' dir='ltr'><strong><em>ἐμὲ</em></strong></span> <span class='ocrx_word' id='word_1_203' title='bbox 691 3316 727 3384; x_wconf 73' lang='grc' dir='ltr'><strong><em>δέ</em></strong></span> <span class='ocrx_word' id='word_1_204' title='bbox 746 3325 829 3383; x_wconf 82' lang='grc' dir='ltr'><strong><em>πάσι</em></strong></span> <span class='ocrx_word' id='word_1_205' title='bbox 849 3324 946 3402; x_wconf 79' lang='grc' dir='ltr'><strong><em>κοινῇ</em></strong></span> <span class='ocrx_word' id='word_1_206' title='bbox 965 3306 1047 3401; x_wconf 84' lang='grc' dir='ltr'><strong><em>μετά</em></strong></span> 
     </span>
     <span class='ocr_line' id='line_1_32' title="bbox 94 3413 1174 3503; baseline -0.004 -18"><span class='ocrx_word' id='word_1_207' title='bbox 94 3427 160 3485; x_wconf 76' lang='grc' dir='ltr'><strong><em>τῶν</em></strong></span> <span class='ocrx_word' id='word_1_208' title='bbox 177 3418 354 3503; x_wconf 80' lang='grc' dir='ltr'><strong><em>χρημάτων</em></strong></span> <span class='ocrx_word' id='word_1_209' title='bbox 377 3417 736 3502; x_wconf 84' lang='grc' dir='ltr'><strong><em>παρακατατιθέμενος,</em></strong></span> <span class='ocrx_word' id='word_1_210' title='bbox 759 3415 815 3482; x_wconf 80' lang='grc' dir='ltr'><strong><em>καὶ</em></strong></span> <span class='ocrx_word' id='word_1_211' title='bbox 837 3413 1047 3501; x_wconf 73' lang='grc' dir='ltr'><strong><em>ἐπισκήπτων</em></strong></span> <span class='ocrx_word' id='word_1_212' title='bbox 1171 3442 1174 3447; x_wconf 96' lang='grc'><strong><em>·</em></strong></span> 
     </span>
    </p>
   </div>
   <div class='ocr_carea' id='block_1_9' title="bbox 0 0 1190 3854">
    <p class='ocr_par' dir='ltr' id='par_1_10' title="bbox 0 0 1190 3854">
     <span class='ocr_line' id='line_1_33' title="bbox 0 0 1190 3854; baseline 0 2"><span class='ocrx_word' id='word_1_213' title='bbox 0 0 1190 3854; x_wconf 95' lang='lat' dir='ltr'><strong><em> </em></strong></span> 
     </span>
    </p>
   </div>
  </div>
 </body>
</html>
