2370 3854
352 182 494 246 ΠΡΟΣ
523 180 818 241 ΛΕΠΤΙΝΗΝ.
1037 178 1055 241 7

102 340 174 431 ματ’
188 342 356 412 ἀπόλλυτε
366 341 472 428 μόνον
482 342 658 425 σκεπτέον,
677 337 744 406 ἀλλ’
757 344 788 407 εί
802 341 858 407 καὶ
868 339 969 420 δόξαν
978 365 1060 425 χρη-

104 440 200 529 στήν,
206 444 282 528 περὶ
292 432 333 527 ής
344 447 471 525 μᾶλλον
481 432 714 522 σπουδάζετεή
725 438 800 520 περὶ
809 437 997 523 χρημάτων,
1004 440 1059 503 καὶ

105 539 148 608 οά
158 541 267 627 μόνον
277 536 380 626 ὑμεῖς,
392 535 477 606 ἀλλά
493 538 549 604 καὶ
568 540 603 603 οί
617 534 787 619 πρόγονοι.
819 534 996 620 τεκμήριον
1008 538 1058 601 δέ’

104 639 256 725 χρήματα
265 639 327 724 μὲν
338 636 402 723 γὰρ
414 635 551 703 πλείστά
562 659 641 702 ποτε
652 634 852 720 κτησάμενοι
862 631 963 700 πάνθ’
975 631 1059 717 ὑπὲρ
1073 652 1127 707 εσυ

106 742 294 823 φιλοτιμίας
309 734 504 821 ἀνήλωσαν,
526 731 611 819 ὑπὲρ
631 732 667 800 δὲ
686 731 782 818 δόξης
800 730 923 800 οάδένα
945 732 1063 799 πόπο-

105 861 143 903 τε
164 839 326 903 κίνδυνον
347 837 539 919 ἐξέστησαν,
573 830 657 900 ἀλλά
685 834 740 899 καί
764 832 822 910 τάς
843 835 927 909 ίδίας
948 829 1063 907 οὐσίας

106 937 428 1017 προσαναλίσκοντες
441 935 618 998 διετέλουν.
649 937 716 996 νῦν
732 937 848 998 τοίνυν
860 923 958 1007 οὗτος
969 927 986 997 ὁ
999 929 1061 996 νό-

105 1054 169 1116 μος
178 1028 304 1115 ταύτην
316 1027 390 1096 ἀντί
400 1035 503 1114 καλῆς
514 1027 653 1113 αίσχράν
660 1035 701 1115 τῇ
712 1027 806 1095 πόλει
817 1029 998 1114 περιάπτει,
1006 1029 1061 1095 καὶ

106 1126 185 1195 οὔτε
196 1134 265 1193 τοῖν
276 1124 542 1211 προμόνωνοόθ’
554 1124 650 1212 ὖμοίν
661 1123 764 1206 ἀξίαν.
790 1134 864 1212 τρία
875 1124 991 1212 γάρτά
1002 1130 1061 1211 μέ-

104 1244 201 1310 γιστα
211 1221 324 1310 ὀνείδη
335 1232 459 1308 κτᾶται,
471 1222 672 1310 φθονεροὺς,
685 1222 853 1305 ἀπίστους,
865 1222 1062 1310 ἀχαρίστους

104 1321 189 1393 εἶναι
199 1326 312 1390 δοκεῖν

67 1436 95 1487 11
180 1420 254 1489 Ὀτι
262 1427 380 1488 τοίνυν
392 1417 466 1488 οὐδ’
479 1421 567 1488 ἐστίν
585 1419 686 1507 ὅλοις,
711 1413 740 1487 ὦ
748 1418 869 1505 ἀνδρες
877 1418 1059 1505 Ἀθηναίυι,

96 1526 168 1587 -τοιλ
181 1518 292 1605 ἤθους
301 1525 364 1584 τοῦ
375 1514 536 1605 ὑμετέρου
547 1518 666 1602 κόριον
678 1526 812 1605 ποιήσαι
829 1526 984 1586 τοιοῦτον
1000 1518 1061 1586 νό-

104 1644 180 1704 μον,
193 1620 249 1686 καὶ
266 1625 366 1684 τοῦτο
377 1618 576 1703 πειράσομαι
594 1621 696 1698 δείξαι
713 1615 768 1685 διά
784 1620 952 1705 βραχέων,
976 1618 1061 1683 ἕντι

81 1782 88 1795 ,
103 1722 174 1783 τῶν
184 1713 349 1801 πρότερον
360 1718 653 1804 πεπραγμένωντῇ
669 1715 765 1784 πόλει
782 1716 972 1797 διεξελθών.
1006 1718 1063 1782 λέ-

103 1838 221 1899 γονται
230 1808 372 1897 χρήμαθ’
386 1817 421 1880 οί
433 1813 610 1897 τριάκοντα
621 1820 841 1882 δανείσασθαι
852 1813 942 1900 παρά
953 1821 1063 1880 Λακε-

105 1917 289 1997 δαιμονίων
305 1913 358 1979 έπί
373 1910 453 1990 τοὺς
469 1915 506 1980 έν
515 1920 673 1999 Πειραιεῖ.
706 1911 819 1999 ἐπειδή
832 1909 864 1980 δ’
877 1909 897 2000 ή
911 1912 1005 1990 πόλις
1015 1917 1062 1990 είς

105 2000 241 2097 θνήλθε
250 2012 305 2077 καί
315 2007 356 2076 τά
367 2008 526 2096 πράγματ’
538 2014 646 2079 ἐκεῖνα
656 2015 805 2098 κατέστη,
817 2015 968 2097 πρέσβεις
978 2012 1063 2095 πέμ-

104 2124 229 2189 ψαντες
245 2113 280 2176 οί
293 2109 552 2195 Λακεδαιμόνιοι
568 2111 609 2177 τά
629 2111 780 2197 χρήματα
797 2108 887 2178 ταῦτ’
898 2106 1059 2198 ἀπήτουν.

64 2206 219 2290 num
228 2209 265 2273 δὲ
274 2207 792 2294 γιννομένων,καίτολνμλντοὺς
803 2210 1063 2292 δανεισαμένους

104 2303 294 2373 ἀποδοῦναι
303 2306 512 2374 κελευόντων
519 2356 529 2389 ,
541 2306 621 2384 τούς
636 2310 669 2385 ἐξ
680 2306 822 2391 ἀστεως,
833 2313 903 2372 τοῖν
914 2304 951 2372 δὲ
960 2310 1061 2370 τοῦτο

105 2408 241 2487 πρᾶτον
251 2400 395 2487 ὑπάρξαι
404 2411 463 2489 τῆς
472 2400 629 2488 ὁμονοίας
639 2418 775 2489 σημείου
786 2400 982 2485 ἀξιούντων,
990 2427 1063 2469 κοι-

104 2508 148 2590 νῇ
169 2505 326 2569 διαλῦσαι
347 2499 387 2569 τά
407 2501 574 2588 χρήματα,
608 2505 689 2588 φασὶ
715 2501 775 2569 τόν
799 2508 905 2588 δῆμον
927 2502 1063 2568 ἑλέσθαι

104 2611 370 2684 συνεισενεγκεῖν
396 2598 502 2668 αὐτόν
529 2604 584 2668 καὶ
610 2614 783 2687 μετασχείν
816 2609 874 2686 τῆς
902 2600 1061 2685 δαπάνης,

106 2696 194 2765 ὥστε
211 2696 256 2784 μή
274 2705 375 2766 λῦσαι
393 2707 462 2766 τῶν
473 2697 739 2786 ὡμολογημένων
760 2703 872 2785 μηδέν.
905 2705 977 2775 παῖς
998 2690 1062 2763 οόν

105 2792 152 2865 οά
160 2794 285 2882 δεινόν,
297 2790 325 2864 ό
336 2794 456 2881 ἀνδρες
463 2795 652 2885 Ἀθηναίοι,
670 2804 701 2866 εί
708 2798 784 2866 τότε
794 2801 857 2883 μὲν
866 2811 935 2875 τοίς
943 2793 1061 2882 ήδικη-

105 2895 206 2963 κόσνν
220 2892 309 2981 ὑμᾶς
326 2892 411 2981 ὑπὲρ
423 2903 485 2962 τοῦ
496 2895 540 2982 μή
559 2896 751 2977 ψεύσασθαι
767 2892 808 2962 τά
825 2893 975 2980 χρήματα
993 2898 1024 2960 εί
1042 2931 1061 2943 -

105 2995 222 3079 φέρειν
242 2991 446 3080 ήθελήσατε,
468 3000 535 3061 νῦν
557 2991 590 3063 δ’
609 2991 684 3074 έξόν
704 2992 786 3080 ὑμῖν
807 2990 891 3059 ἀνευ
912 2988 1061 3074 δαπάνης

103 3088 146 3157 τὰ
165 3095 278 3159 δίκαια
299 3099 435 3177 ποιήσαι
455 3108 523 3172 τοῖς
550 3091 750 3179 εόερνέταις,
773 3091 896 3159 λύσασι
916 3087 977 3156 τὸν
999 3088 1060 3154 νό-

102 3212 186 3273 μον,
217 3188 405 3269 ψεύδεσθαι
432 3199 560 3276 μᾶλλον
588 3193 785 3279 αίρήσεσθε;
822 3188 884 3274 ἐμοὶ
915 3187 976 3273 μὲν
997 3182 1060 3254 οὐκ

105 3284 197 3368 ἀξιοῖ.

70 3402 99 3455 13
192 3383 238 3454 Τό
250 3385 312 3473 μὲν
322 3392 437 3455 τοίνυν
448 3394 506 3475 τῆς
515 3389 643 3469 πόλεως
658 3382 765 3478 ἦθος,
789 3378 1075 3475 &mmm-
