<?xml version="1.0" encoding="UTF-8"?>
<!DOCTYPE html PUBLIC "-//W3C//DTD XHTML 1.0 Transitional//EN"
    "http://www.w3.org/TR/xhtml1/DTD/xhtml1-transitional.dtd">
<html xmlns="http://www.w3.org/1999/xhtml" xml:lang="en" lang="en">
 <head>
  <title>
</title>
<meta http-equiv="Content-Type" content="text/html;charset=utf-8" />
  <meta name='ocr-system' content='tesseract 3.04.00' />
  <meta name='ocr-capabilities' content='ocr_page ocr_carea ocr_par ocr_line ocrx_word'/>
</head>
<body>
  <div class='ocr_page' id='page_1' title='image "./orationesexrece01demogoog_0293.png"; bbox 0 0 2370 3854; ppageno 0'>
   <div class='ocr_carea' id='block_1_1' title="bbox 232 228 1066 306">
    <p class='ocr_par' dir='ltr' id='par_1_1' title="bbox 232 228 1066 306">
     <span class='ocr_line' id='line_1_1' title="bbox 232 228 1066 306; baseline 0.023 -19"><span class='ocrx_word' id='word_1_1' title='bbox 232 228 376 289; x_wconf 88' lang='grc' dir='ltr'><em>ΚΑΤΑ</em></span> <span class='ocrx_word' id='word_1_2' title='bbox 395 230 878 300; x_wconf 80' lang='grc' dir='ltr'><em>ΑΡΙΣΤΟΓΕΙΤΟΝΟΣ</em></span> <span class='ocrx_word' id='word_1_3' title='bbox 895 242 936 300; x_wconf 88' lang='grc' dir='ltr'><strong><em>Α.</em></strong></span> <span class='ocrx_word' id='word_1_4' title='bbox 1003 240 1066 306; x_wconf 76' lang='lat'><strong><em>283</em></strong></span> 
     </span>
    </p>
   </div>
   <div class='ocr_carea' id='block_1_2' title="bbox 64 376 1139 3050">
    <p class='ocr_par' dir='ltr' id='par_1_2' title="bbox 71 376 1066 1273">
     <span class='ocr_line' id='line_1_2' title="bbox 71 376 1065 489; baseline 0.012 -31"><span class='ocrx_word' id='word_1_5' title='bbox 71 418 106 474; x_wconf 81' lang='lat'><strong><em>37</em></strong></span> <span class='ocrx_word' id='word_1_6' title='bbox 116 389 291 472; x_wconf 78' lang='grc' dir='ltr'><strong><em>πολλάκις,</em></strong></span> <span class='ocrx_word' id='word_1_7' title='bbox 313 387 414 458; x_wconf 81' lang='grc' dir='ltr'><strong><em>καὶ</em></strong></span> <span class='ocrx_word' id='word_1_8' title='bbox 378 417 419 457; x_wconf 93' lang='grc' dir='ltr'><strong><em>τα</em></strong></span> <span class='ocrx_word' id='word_1_9' title='bbox 429 389 492 476; x_wconf 86' lang='grc' dir='ltr'><strong><em>μεν</em></strong></span> <span class='ocrx_word' id='word_1_10' title='bbox 503 390 587 460; x_wconf 85' lang='grc' dir='ltr'><strong><em>αλλα</em></strong></span> <span class='ocrx_word' id='word_1_11' title='bbox 604 392 705 461; x_wconf 84' lang='grc' dir='ltr'><strong><em>ἐάσω·</em></strong></span> <span class='ocrx_word' id='word_1_12' title='bbox 720 394 787 465; x_wconf 87' lang='grc' dir='ltr'><strong><em>ἀλλ’</em></strong></span> <span class='ocrx_word' id='word_1_13' title='bbox 790 376 1065 489; x_wconf 87' lang='grc' dir='ltr'><strong><em>,Ἀριστογεῖτον,</em></strong></span> 
     </span>
     <span class='ocr_line' id='line_1_3' title="bbox 120 485 1066 610; baseline 0.018 -57"><span class='ocrx_word' id='word_1_14' title='bbox 120 485 195 557; x_wconf 85' lang='grc' dir='ltr'><strong><em>ἕπτά</em></strong></span> <span class='ocrx_word' id='word_1_15' title='bbox 210 487 343 575; x_wconf 85' lang='grc' dir='ltr'><strong><em>γραφάς</em></strong></span> <span class='ocrx_word' id='word_1_16' title='bbox 359 490 515 610; x_wconf 80' lang='grc' dir='ltr'><strong><em>κέκρικάς</em></strong></span> <span class='ocrx_word' id='word_1_17' title='bbox 532 517 589 578; x_wconf 89' lang='grc' dir='ltr'><strong><em>με,</em></strong></span> <span class='ocrx_word' id='word_1_18' title='bbox 612 506 680 571; x_wconf 88' lang='grc' dir='ltr'><strong><em>τοῖς</em></strong></span> <span class='ocrx_word' id='word_1_19' title='bbox 703 491 787 582; x_wconf 71' lang='grc' dir='ltr'><strong><em>ὑπὲρ</em></strong></span> <span class='ocrx_word' id='word_1_20' title='bbox 807 502 1030 568; x_wconf 88' lang='grc' dir='ltr'><strong><em>Φιλίππου’</em></strong></span> <span class='ocrx_word' id='word_1_21' title='bbox 991 528 1066 570; x_wconf 89' lang='grc' dir='ltr'><strong><em>τοτε</em></strong></span> 
     </span>
     <span class='ocr_line' id='line_1_4' title="bbox 115 586 1066 679; baseline 0.015 -25"><span class='ocrx_word' id='word_1_22' title='bbox 115 586 297 673; x_wconf 89' lang='grc' dir='ltr'><strong><em>πράττουσι</em></strong></span> <span class='ocrx_word' id='word_1_23' title='bbox 308 587 651 675; x_wconf 76' lang='grc' dir='ltr'><strong><em>σεαυτόνμισδοόσας,</em></strong></span> <span class='ocrx_word' id='word_1_24' title='bbox 673 594 729 662; x_wconf 87' lang='grc' dir='ltr'><strong><em>καὶ</em></strong></span> <span class='ocrx_word' id='word_1_25' title='bbox 746 593 896 676; x_wconf 78' lang='grc' dir='ltr'><strong><em>εὐθύνας</em></strong></span> <span class='ocrx_word' id='word_1_26' title='bbox 913 599 1066 679; x_wconf 75' lang='grc' dir='ltr'><strong><em>διδόντος</em></strong></span> 
     </span>
     <span class='ocr_line' id='line_1_5' title="bbox 115 687 1065 782; baseline 0.013 -28"><span class='ocrx_word' id='word_1_27' title='bbox 115 688 164 766; x_wconf 80' lang='grc' dir='ltr'><strong><em>δίς</em></strong></span> <span class='ocrx_word' id='word_1_28' title='bbox 174 687 412 774; x_wconf 90' lang='grc' dir='ltr'><strong><em>κατηγόρησας.</em></strong></span> <span class='ocrx_word' id='word_1_29' title='bbox 448 690 504 757; x_wconf 83' lang='grc' dir='ltr'><strong><em>καὶ</em></strong></span> <span class='ocrx_word' id='word_1_30' title='bbox 518 687 781 774; x_wconf 75' lang='grc' dir='ltr'><strong><em>Ἀδράστειαν</em></strong></span> <span class='ocrx_word' id='word_1_31' title='bbox 746 721 807 780; x_wconf 95' lang='grc' dir='ltr'><strong><em>μεν</em></strong></span> <span class='ocrx_word' id='word_1_32' title='bbox 824 693 1043 782; x_wconf 73' lang='grc' dir='ltr'><strong><em>άνθρωπος”</em></strong></span> <span class='ocrx_word' id='word_1_33' title='bbox 1017 725 1065 765; x_wconf 91' lang='grc' dir='ltr'><strong><em>ων</em></strong></span> 
     </span>
     <span class='ocr_line' id='line_1_6' title="bbox 113 784 1065 881; baseline 0.011 -28"><span class='ocrx_word' id='word_1_34' title='bbox 113 784 177 870; x_wconf 78' lang='grc' dir='ltr'><strong><em>ἐγω</em></strong></span> <span class='ocrx_word' id='word_1_35' title='bbox 190 796 388 872; x_wconf 76' lang='grc' dir='ltr'><strong><em>προσκυνεῖ,</em></strong></span> <span class='ocrx_word' id='word_1_36' title='bbox 410 788 465 855; x_wconf 81' lang='grc' dir='ltr'><strong><em>καὶ</em></strong></span> <span class='ocrx_word' id='word_1_37' title='bbox 476 794 538 875; x_wconf 82' lang='grc' dir='ltr'><strong><em>ἔχω</em></strong></span> <span class='ocrx_word' id='word_1_38' title='bbox 549 804 617 868; x_wconf 87' lang='grc' dir='ltr'><strong><em>τοῖς</em></strong></span> <span class='ocrx_word' id='word_1_39' title='bbox 627 800 721 870; x_wconf 78' lang='grc' dir='ltr'><strong><em>θεοῖς</em></strong></span> <span class='ocrx_word' id='word_1_40' title='bbox 732 795 787 861; x_wconf 90' lang='grc' dir='ltr'><strong><em>και</em></strong></span> <span class='ocrx_word' id='word_1_41' title='bbox 798 802 902 862; x_wconf 78' lang='grc' dir='ltr'><strong><em>ποίοιν</em></strong></span> <span class='ocrx_word' id='word_1_42' title='bbox 918 789 1065 881; x_wconf 82' lang='grc' dir='ltr'><strong><em>ὑμῖν,ω</em></strong></span> 
     </span>
     <span class='ocr_line' id='line_1_7' title="bbox 112 880 1062 978; baseline 0.009 -26"><span class='ocrx_word' id='word_1_43' title='bbox 112 884 248 969; x_wconf 91' lang='grc' dir='ltr'><strong><em>ανδρες</em></strong></span> <span class='ocrx_word' id='word_1_44' title='bbox 242 896 421 974; x_wconf 76' lang='grc' dir='ltr'><strong><em>Αθηναιοι,</em></strong></span> <span class='ocrx_word' id='word_1_45' title='bbox 431 901 501 967; x_wconf 88' lang='grc' dir='ltr'><strong><em>τοις</em></strong></span> <span class='ocrx_word' id='word_1_46' title='bbox 512 887 642 957; x_wconf 89' lang='grc' dir='ltr'><strong><em>σωσασί</em></strong></span> <span class='ocrx_word' id='word_1_47' title='bbox 653 915 693 976; x_wconf 90' lang='grc' dir='ltr'><strong><em>με</em></strong></span> <span class='ocrx_word' id='word_1_48' title='bbox 704 891 832 978; x_wconf 92' lang='grc' dir='ltr'><strong><em>πολλην</em></strong></span> <span class='ocrx_word' id='word_1_49' title='bbox 842 918 954 978; x_wconf 88' lang='grc' dir='ltr'><strong><em>χαριν</em></strong></span> <span class='ocrx_word' id='word_1_50' title='bbox 967 880 1062 960; x_wconf 79' lang='grc' dir='ltr'><strong><em>οὐδ’</em></strong></span> 
     </span>
     <span class='ocr_line' id='line_1_8' title="bbox 112 981 1066 1109; baseline 0.008 -59"><span class='ocrx_word' id='word_1_51' title='bbox 112 981 326 1053; x_wconf 78' lang='grc' dir='ltr'><strong><em>οὐδεπώποτε</em></strong></span> <span class='ocrx_word' id='word_1_52' title='bbox 338 983 439 1054; x_wconf 67' lang='grc' dir='ltr'><strong><em>οὐδέν</em></strong></span> <span class='ocrx_word' id='word_1_53' title='bbox 452 983 577 1072; x_wconf 69' lang='grc' dir='ltr'><strong><em>ἀληθὲς</em></strong></span> <span class='ocrx_word' id='word_1_54' title='bbox 589 991 695 1072; x_wconf 83' lang='grc' dir='ltr'><strong><em>λέγων</em></strong></span> <span class='ocrx_word' id='word_1_55' title='bbox 708 988 848 1109; x_wconf 77' lang='grc' dir='ltr'><strong><em>ἐφάνης,</em></strong></span> <span class='ocrx_word' id='word_1_56' title='bbox 861 987 960 1060; x_wconf 88' lang='grc' dir='ltr'><strong><em>ἀλλ”</em></strong></span> <span class='ocrx_word' id='word_1_57' title='bbox 942 994 992 1058; x_wconf 90' lang='grc' dir='ltr'><strong><em>αει</em></strong></span> <span class='ocrx_word' id='word_1_58' title='bbox 1003 1014 1066 1059; x_wconf 92' lang='grc' dir='ltr'><strong><em>συ-</em></strong></span> 
     </span>
     <span class='ocr_line' id='line_1_9' title="bbox 111 1079 1065 1175; baseline 0.003 -23"><span class='ocrx_word' id='word_1_59' title='bbox 111 1093 293 1169; x_wconf 77' lang='grc' dir='ltr'><strong><em>κοφαντῶν</em></strong></span> <span class='ocrx_word' id='word_1_60' title='bbox 309 1083 461 1172; x_wconf 75' lang='grc' dir='ltr'><strong><em>ἠλέγχου.</em></strong></span> <span class='ocrx_word' id='word_1_61' title='bbox 507 1079 626 1153; x_wconf 85' lang='grc' dir='ltr'><strong><em>ἐάν</em></strong></span> <span class='ocrx_word' id='word_1_62' title='bbox 584 1111 648 1152; x_wconf 92' lang='grc' dir='ltr'><strong><em>ουν</em></strong></span> <span class='ocrx_word' id='word_1_63' title='bbox 671 1085 819 1170; x_wconf 79' lang='grc' dir='ltr'><strong><em>ἀκύρους</em></strong></span> <span class='ocrx_word' id='word_1_64' title='bbox 840 1086 918 1167; x_wconf 82' lang='grc' dir='ltr'><strong><em>τούς</em></strong></span> <span class='ocrx_word' id='word_1_65' title='bbox 939 1089 1065 1175; x_wconf 90' lang='grc' dir='ltr'><strong><em>νόμους</em></strong></span> 
     </span>
     <span class='ocr_line' id='line_1_10' title="bbox 113 1176 1064 1273; baseline 0.005 -22"><span class='ocrx_word' id='word_1_66' title='bbox 113 1176 207 1253; x_wconf 82' lang='grc' dir='ltr'><strong><em>οὗτοι</em></strong></span> <span class='ocrx_word' id='word_1_67' title='bbox 224 1184 420 1273; x_wconf 80' lang='grc' dir='ltr'><strong><em>ποιήσαντες</em></strong></span> <span class='ocrx_word' id='word_1_68' title='bbox 436 1182 552 1270; x_wconf 76' lang='grc' dir='ltr'><strong><em>ἀφῶσί</em></strong></span> <span class='ocrx_word' id='word_1_69' title='bbox 565 1206 602 1250; x_wconf 92' lang='grc' dir='ltr'><strong><em>σε</em></strong></span> <span class='ocrx_word' id='word_1_70' title='bbox 613 1184 773 1272; x_wconf 83' lang='grc' dir='ltr'><strong><em>τήμερον,</em></strong></span> <span class='ocrx_word' id='word_1_71' title='bbox 796 1195 862 1253; x_wconf 83' lang='grc' dir='ltr'><strong><em>νῦν</em></strong></span> <span class='ocrx_word' id='word_1_72' title='bbox 880 1214 919 1272; x_wconf 95' lang='grc' dir='ltr'><strong><em>με</em></strong></span> <span class='ocrx_word' id='word_1_73' title='bbox 936 1190 1064 1272; x_wconf 83' lang='grc' dir='ltr'><strong><em>ἐξελέγ-</em></strong></span> 
     </span>
    </p>

    <p class='ocr_par' dir='ltr' id='par_1_3' title="bbox 67 1279 1139 2358">
     <span class='ocr_line' id='line_1_11' title="bbox 67 1279 1064 1372; baseline 0.001 -20"><span class='ocrx_word' id='word_1_74' title='bbox 67 1306 103 1361; x_wconf 77' lang='lat'><strong><em>38</em></strong></span> <span class='ocrx_word' id='word_1_75' title='bbox 112 1287 191 1365; x_wconf 82' lang='grc' dir='ltr'><strong><em>ξεις;</em></strong></span> <span class='ocrx_word' id='word_1_76' title='bbox 213 1286 287 1369; x_wconf 83' lang='grc' dir='ltr'><strong><em>περὶ</em></strong></span> <span class='ocrx_word' id='word_1_77' title='bbox 298 1293 360 1352; x_wconf 80' lang='grc' dir='ltr'><strong><em>τοῦ</em></strong></span> <span class='ocrx_word' id='word_1_78' title='bbox 367 1314 376 1366; x_wconf 82' lang='lat'><em>3</em></span> <span class='ocrx_word' id='word_1_79' title='bbox 389 1298 540 1351; x_wconf 78' lang='grc' dir='ltr'><strong><em>σκοπεῖτε</em></strong></span> <span class='ocrx_word' id='word_1_80' title='bbox 550 1281 617 1368; x_wconf 82' lang='grc' dir='ltr'><strong><em>γάρ</em></strong></span> <span class='ocrx_word' id='word_1_81' title='bbox 631 1279 761 1351; x_wconf 83' lang='grc' dir='ltr'><strong><em>οὑτωσί.</em></strong></span> <span class='ocrx_word' id='word_1_82' title='bbox 786 1282 841 1350; x_wconf 87' lang='grc' dir='ltr'><strong><em>δύ’</em></strong></span> <span class='ocrx_word' id='word_1_83' title='bbox 855 1289 908 1371; x_wconf 78' lang='grc' dir='ltr'><strong><em>ἔτη</em></strong></span> <span class='ocrx_word' id='word_1_84' title='bbox 920 1286 1064 1372; x_wconf 78' lang='grc' dir='ltr'><strong><em>βιάζεται</em></strong></span> 
     </span>
     <span class='ocr_line' id='line_1_12' title="bbox 110 1375 1061 1471; baseline 0.001 -21"><span class='ocrx_word' id='word_1_85' title='bbox 110 1387 221 1468; x_wconf 88' lang='grc' dir='ltr'><strong><em>λέγειν</em></strong></span> <span class='ocrx_word' id='word_1_86' title='bbox 233 1375 331 1462; x_wconf 80' lang='grc' dir='ltr'><strong><em>οὗτος</em></strong></span> <span class='ocrx_word' id='word_1_87' title='bbox 342 1381 404 1450; x_wconf 79' lang='grc' dir='ltr'><strong><em>οὐκ</em></strong></span> <span class='ocrx_word' id='word_1_88' title='bbox 416 1378 493 1461; x_wconf 83' lang='grc' dir='ltr'><strong><em>ἐξόν</em></strong></span> <span class='ocrx_word' id='word_1_89' title='bbox 503 1379 603 1471; x_wconf 75' lang='grc' dir='ltr'><strong><em>αὐτῷ,</em></strong></span> <span class='ocrx_word' id='word_1_90' title='bbox 616 1379 700 1449; x_wconf 84' lang='grc' dir='ltr'><strong><em>ἀλλά</em></strong></span> <span class='ocrx_word' id='word_1_91' title='bbox 710 1385 798 1466; x_wconf 81' lang='grc' dir='ltr'><strong><em>λέγει</em></strong></span> <span class='ocrx_word' id='word_1_92' title='bbox 807 1378 835 1468; x_wconf 91' lang='grc' dir='ltr'><strong><em>γ’</em></strong></span> <span class='ocrx_word' id='word_1_93' title='bbox 846 1381 942 1468; x_wconf 82' lang='grc' dir='ltr'><strong><em>ὅμως.</em></strong></span> <span class='ocrx_word' id='word_1_94' title='bbox 966 1382 1061 1451; x_wconf 80' lang='grc' dir='ltr'><strong><em>ἔπειτ’</em></strong></span> 
     </span>
     <span class='ocr_line' id='line_1_13' title="bbox 110 1480 1139 1568; baseline -0.004 -20"><span class='ocrx_word' id='word_1_95' title='bbox 110 1485 147 1548; x_wconf 78' lang='grc' dir='ltr'><strong><em>ἐν</em></strong></span> <span class='ocrx_word' id='word_1_96' title='bbox 157 1481 286 1560; x_wconf 85' lang='grc' dir='ltr'><strong><em>τούτοις</em></strong></span> <span class='ocrx_word' id='word_1_97' title='bbox 297 1480 358 1550; x_wconf 82' lang='grc' dir='ltr'><strong><em>τὸν</em></strong></span> <span class='ocrx_word' id='word_1_98' title='bbox 368 1485 429 1568; x_wconf 79' lang='grc' dir='ltr'><strong><em>μὲν</em></strong></span> <span class='ocrx_word' id='word_1_99' title='bbox 439 1487 650 1565; x_wconf 90' lang='grc' dir='ltr'><strong><em>ταλαίπωρον</em></strong></span> <span class='ocrx_word' id='word_1_100' title='bbox 661 1484 817 1566; x_wconf 81' lang='grc' dir='ltr'><strong><em>Φωκίδην</em></strong></span> <span class='ocrx_word' id='word_1_101' title='bbox 835 1481 890 1548; x_wconf 79' lang='grc' dir='ltr'><strong><em>καὶ</em></strong></span> <span class='ocrx_word' id='word_1_102' title='bbox 909 1480 969 1547; x_wconf 89' lang='grc' dir='ltr'><strong><em>τδυ</em></strong></span> <span class='ocrx_word' id='word_1_103' title='bbox 984 1489 1065 1567; x_wconf 84' lang='grc' dir='ltr'><strong><em>χαλ·</em></strong></span> <span class='ocrx_word' id='word_1_104' title='bbox 1136 1541 1139 1544; x_wconf 20' lang='lat'><em>⁴</em></span> 
     </span>
     <span class='ocr_line' id='line_1_14' title="bbox 110 1571 1064 1665; baseline 0 -17"><span class='ocrx_word' id='word_1_105' title='bbox 110 1579 259 1649; x_wconf 90' lang='grc' dir='ltr'><strong><em>κοτύπον</em></strong></span> <span class='ocrx_word' id='word_1_106' title='bbox 280 1571 341 1648; x_wconf 86' lang='grc' dir='ltr'><strong><em>τόν</em></strong></span> <span class='ocrx_word' id='word_1_107' title='bbox 362 1583 398 1648; x_wconf 82' lang='grc' dir='ltr'><strong><em>ἐκ</em></strong></span> <span class='ocrx_word' id='word_1_108' title='bbox 416 1586 580 1665; x_wconf 73' lang='grc' dir='ltr'><strong><em>Πειραιῶς</em></strong></span> <span class='ocrx_word' id='word_1_109' title='bbox 599 1580 654 1646; x_wconf 79' lang='grc' dir='ltr'><strong><em>καὶ</em></strong></span> <span class='ocrx_word' id='word_1_110' title='bbox 675 1577 735 1647; x_wconf 83' lang='grc' dir='ltr'><strong><em>τὸν</em></strong></span> <span class='ocrx_word' id='word_1_111' title='bbox 759 1579 985 1663; x_wconf 78' lang='grc' dir='ltr'><strong><em>σκυλόδεψον,</em></strong></span> <span class='ocrx_word' id='word_1_112' title='bbox 1008 1581 1064 1648; x_wconf 77' lang='grc' dir='ltr'><strong><em>καί</em></strong></span> 
     </span>
     <span class='ocr_line' id='line_1_15' title="bbox 110 1674 1064 1769; baseline -0.007 -19"><span class='ocrx_word' id='word_1_113' title='bbox 110 1678 201 1750; x_wconf 85' lang='grc' dir='ltr'><strong><em>ὅσων</em></strong></span> <span class='ocrx_word' id='word_1_114' title='bbox 212 1679 323 1748; x_wconf 81' lang='grc' dir='ltr'><strong><em>ἀλλων</em></strong></span> <span class='ocrx_word' id='word_1_115' title='bbox 338 1679 544 1766; x_wconf 80' lang='grc' dir='ltr'><strong><em>κατηγόρηκε</em></strong></span> <span class='ocrx_word' id='word_1_116' title='bbox 557 1675 630 1764; x_wconf 88' lang='grc' dir='ltr'><strong><em>παρ’</em></strong></span> <span class='ocrx_word' id='word_1_117' title='bbox 645 1675 777 1769; x_wconf 82' lang='grc' dir='ltr'><strong><em>ύμῖν,ε</em></strong></span> <span class='ocrx_word' id='word_1_118' title='bbox 762 1676 849 1744; x_wconf 82' lang='grc' dir='ltr'><strong><em>εῖδευ</em></strong></span> <span class='ocrx_word' id='word_1_119' title='bbox 866 1674 1064 1756; x_wconf 83' lang='grc' dir='ltr'><strong><em>ἀδικοῦντας</em></strong></span> 
     </span>
     <span class='ocr_line' id='line_1_16' title="bbox 109 1770 1076 1867; baseline -0.003 -20"><span class='ocrx_word' id='word_1_120' title='bbox 109 1806 171 1867; x_wconf 92' lang='grc' dir='ltr'><strong><em>την</em></strong></span> <span class='ocrx_word' id='word_1_121' title='bbox 183 1778 298 1862; x_wconf 90' lang='grc' dir='ltr'><strong><em>πόλιν,</em></strong></span> <span class='ocrx_word' id='word_1_122' title='bbox 321 1777 377 1864; x_wconf 72' lang='grc' dir='ltr'><strong><em>ἐμὲ</em></strong></span> <span class='ocrx_word' id='word_1_123' title='bbox 396 1775 428 1846; x_wconf 92' lang='grc' dir='ltr'><strong><em>δ’</em></strong></span> <span class='ocrx_word' id='word_1_124' title='bbox 441 1775 502 1863; x_wconf 80' lang='grc' dir='ltr'><strong><em>οὐχ</em></strong></span> <span class='ocrx_word' id='word_1_125' title='bbox 520 1777 608 1861; x_wconf 82' lang='grc' dir='ltr'><strong><em>έύρα</em></strong></span> <span class='ocrx_word' id='word_1_126' title='bbox 626 1774 686 1844; x_wconf 84' lang='grc' dir='ltr'><strong><em>τόν</em></strong></span> <span class='ocrx_word' id='word_1_127' title='bbox 698 1776 874 1866; x_wconf 79' lang='grc' dir='ltr'><strong><em>ῥήτορα,</em></strong></span> <span class='ocrx_word' id='word_1_128' title='bbox 862 1803 888 1842; x_wconf 89' lang='grc' dir='ltr'><strong><em>ω</em></strong></span> <span class='ocrx_word' id='word_1_129' title='bbox 877 1770 1076 1864; x_wconf 82' lang='grc' dir='ltr'><strong><em>ἐπολέμει,</em></strong></span> 
     </span>
     <span class='ocr_line' id='line_1_17' title="bbox 111 1865 1063 1962; baseline -0.005 -14"><span class='ocrx_word' id='word_1_130' title='bbox 111 1877 491 1962; x_wconf 82' lang='grc' dir='ltr'><strong><em>οὐδετόνΛυκούργον,</em></strong></span> <span class='ocrx_word' id='word_1_131' title='bbox 510 1872 591 1943; x_wconf 89' lang='grc' dir='ltr'><strong><em>ουδε</em></strong></span> <span class='ocrx_word' id='word_1_132' title='bbox 601 1901 681 1954; x_wconf 89' lang='grc' dir='ltr'><strong><em>τους</em></strong></span> <span class='ocrx_word' id='word_1_133' title='bbox 691 1873 829 1960; x_wconf 82' lang='grc' dir='ltr'><strong><em>τιλλονς,</em></strong></span> <span class='ocrx_word' id='word_1_134' title='bbox 851 1865 966 1962; x_wconf 82' lang='grc' dir='ltr'><strong><em>περὶ</em></strong></span> <span class='ocrx_word' id='word_1_135' title='bbox 938 1901 987 1942; x_wconf 91' lang='grc' dir='ltr'><strong><em>ων</em></strong></span> <span class='ocrx_word' id='word_1_136' title='bbox 999 1873 1063 1943; x_wconf 84' lang='grc' dir='ltr'><strong><em>αύ·</em></strong></span> 
     </span>
     <span class='ocr_line' id='line_1_18' title="bbox 109 1971 1063 2064; baseline -0.005 -18"><span class='ocrx_word' id='word_1_137' title='bbox 109 1985 184 2046; x_wconf 89' lang='grc' dir='ltr'><strong><em>τίκα</em></strong></span> <span class='ocrx_word' id='word_1_138' title='bbox 203 1977 243 2064; x_wconf 78' lang='grc' dir='ltr'><strong><em>δὴ</em></strong></span> <span class='ocrx_word' id='word_1_139' title='bbox 262 1975 303 2044; x_wconf 81' lang='grc' dir='ltr'><strong><em>τά</em></strong></span> <span class='ocrx_word' id='word_1_140' title='bbox 321 1977 461 2046; x_wconf 85' lang='grc' dir='ltr'><strong><em>πολλά’</em></strong></span> <span class='ocrx_word' id='word_1_141' title='bbox 445 1991 528 2062; x_wconf 84' lang='grc' dir='ltr'><strong><em>ερεῖ;</em></strong></span> <span class='ocrx_word' id='word_1_142' title='bbox 550 1973 664 2043; x_wconf 83' lang='grc' dir='ltr'><strong><em>καὶ</em></strong></span> <span class='ocrx_word' id='word_1_143' title='bbox 623 2001 691 2061; x_wconf 90' lang='grc' dir='ltr'><strong><em>μην</em></strong></span> <span class='ocrx_word' id='word_1_144' title='bbox 707 1971 782 2042; x_wconf 86' lang='grc' dir='ltr'><strong><em>κατ’</em></strong></span> <span class='ocrx_word' id='word_1_145' title='bbox 797 1971 946 2060; x_wconf 86' lang='grc' dir='ltr'><strong><em>ἀμφότερ</em></strong></span> <span class='ocrx_word' id='word_1_146' title='bbox 945 1971 1063 2054; x_wconf 80' lang='grc' dir='ltr'><strong><em>’ἄξιός</em></strong></span> 
     </span>
     <span class='ocr_line' id='line_1_19' title="bbox 110 2069 1063 2160; baseline -0.004 -16"><span class='ocrx_word' id='word_1_147' title='bbox 110 2081 199 2144; x_wconf 83' lang='grc' dir='ltr'><strong><em>ἐστιν</em></strong></span> <span class='ocrx_word' id='word_1_148' title='bbox 217 2075 441 2160; x_wconf 84' lang='grc' dir='ltr'><strong><em>ἀπολωλέναι,</em></strong></span> <span class='ocrx_word' id='word_1_149' title='bbox 464 2083 563 2142; x_wconf 81' lang='grc' dir='ltr'><strong><em>τοῦτο</em></strong></span> <span class='ocrx_word' id='word_1_150' title='bbox 585 2072 661 2160; x_wconf 75' lang='grc' dir='ltr'><strong><em>μὲν,</em></strong></span> <span class='ocrx_word' id='word_1_151' title='bbox 685 2083 719 2141; x_wconf 90' lang='grc' dir='ltr'><strong><em>εί</em></strong></span> <span class='ocrx_word' id='word_1_152' title='bbox 730 2099 763 2141; x_wconf 89' lang='grc' dir='ltr'><strong><em>τι</em></strong></span> <span class='ocrx_word' id='word_1_153' title='bbox 778 2071 857 2140; x_wconf 72' lang='grc' dir='ltr'><strong><em>καθ’</em></strong></span> <span class='ocrx_word' id='word_1_154' title='bbox 867 2069 963 2159; x_wconf 76' lang='grc' dir='ltr'><strong><em>ημῶν</em></strong></span> <span class='ocrx_word' id='word_1_155' title='bbox 978 2078 1063 2158; x_wconf 83' lang='grc' dir='ltr'><strong><em>ἔχων</em></strong></span> 
     </span>
     <span class='ocr_line' id='line_1_20' title="bbox 109 2165 1062 2261; baseline -0.004 -19"><span class='ocrx_word' id='word_1_156' title='bbox 109 2174 252 2261; x_wconf 91' lang='grc' dir='ltr'><strong><em>ἀδίκημα</em></strong></span> <span class='ocrx_word' id='word_1_157' title='bbox 264 2175 435 2241; x_wconf 89' lang='grc' dir='ltr'><strong><em>δεικνύναι</em></strong></span> <span class='ocrx_word' id='word_1_158' title='bbox 445 2170 530 2258; x_wconf 81' lang='grc' dir='ltr'><strong><em>ἡμᾶς</em></strong></span> <span class='ocrx_word' id='word_1_159' title='bbox 542 2173 604 2258; x_wconf 73' lang='grc' dir='ltr'><strong><em>μὲν</em></strong></span> <span class='ocrx_word' id='word_1_160' title='bbox 620 2165 727 2258; x_wconf 81' lang='grc' dir='ltr'><strong><em>ἠφίει,</em></strong></span> <span class='ocrx_word' id='word_1_161' title='bbox 750 2175 801 2238; x_wconf 76' lang='grc' dir='ltr'><strong><em>ἐπὶ</em></strong></span> <span class='ocrx_word' id='word_1_162' title='bbox 820 2171 855 2238; x_wconf 74' lang='grc' dir='ltr'><strong><em>δὲ</em></strong></span> <span class='ocrx_word' id='word_1_163' title='bbox 873 2169 951 2250; x_wconf 84' lang='grc' dir='ltr'><strong><em>τούς</em></strong></span> <span class='ocrx_word' id='word_1_164' title='bbox 968 2171 1062 2239; x_wconf 80' lang='grc' dir='ltr'><strong><em>ἰδιω-</em></strong></span> 
     </span>
     <span class='ocr_line' id='line_1_21' title="bbox 108 2269 1062 2358; baseline -0.006 -17"><span class='ocrx_word' id='word_1_165' title='bbox 108 2300 166 2352; x_wconf 88' lang='grc' dir='ltr'><strong><em>τιις</em></strong></span> <span class='ocrx_word' id='word_1_166' title='bbox 178 2273 372 2358; x_wconf 80' lang='grc' dir='ltr'><strong><em>ἐπορεύετο,</em></strong></span> <span class='ocrx_word' id='word_1_167' title='bbox 392 2279 491 2339; x_wconf 83' lang='grc' dir='ltr'><strong><em>τοῦτο</em></strong></span> <span class='ocrx_word' id='word_1_168' title='bbox 504 2270 548 2356; x_wconf 87' lang='grc' dir='ltr'><strong><em>δ’,</em></strong></span> <span class='ocrx_word' id='word_1_169' title='bbox 569 2277 599 2336; x_wconf 91' lang='grc' dir='ltr'><strong><em>εί</em></strong></span> <span class='ocrx_word' id='word_1_170' title='bbox 607 2269 711 2355; x_wconf 75' lang='grc' dir='ltr'><strong><em>μηδὲν</em></strong></span> <span class='ocrx_word' id='word_1_171' title='bbox 721 2275 806 2353; x_wconf 78' lang='grc' dir='ltr'><strong><em>ἔχων</em></strong></span> <span class='ocrx_word' id='word_1_172' title='bbox 816 2270 914 2336; x_wconf 77' lang='grc' dir='ltr'><strong><em>ἕνεκα</em></strong></span> <span class='ocrx_word' id='word_1_173' title='bbox 924 2276 985 2336; x_wconf 86' lang='grc' dir='ltr'><strong><em>τοῦ</em></strong></span> <span class='ocrx_word' id='word_1_174' title='bbox 996 2292 1062 2335; x_wconf 89' lang='grc' dir='ltr'><strong><em>πα-</em></strong></span> 
     </span>
    </p>

    <p class='ocr_par' dir='ltr' id='par_1_4' title="bbox 64 2365 1122 3050">
     <span class='ocr_line' id='line_1_22' title="bbox 64 2365 1061 2490; baseline -0.002 -52"><span class='ocrx_word' id='word_1_175' title='bbox 64 2401 100 2456; x_wconf 81' lang='lat'><strong><em>39</em></strong></span> <span class='ocrx_word' id='word_1_176' title='bbox 110 2370 365 2456; x_wconf 76' lang='grc' dir='ltr'><strong><em>ρακρούσασθοιι</em></strong></span> <span class='ocrx_word' id='word_1_177' title='bbox 377 2370 432 2437; x_wconf 79' lang='grc' dir='ltr'><strong><em>καί</em></strong></span> <span class='ocrx_word' id='word_1_178' title='bbox 444 2374 621 2490; x_wconf 84' lang='grc' dir='ltr'><strong><em>φενακίσαι</em></strong></span> <span class='ocrx_word' id='word_1_179' title='bbox 632 2366 718 2454; x_wconf 85' lang='grc' dir='ltr'><strong><em>ὑμᾶς</em></strong></span> <span class='ocrx_word' id='word_1_180' title='bbox 733 2365 826 2435; x_wconf 85' lang='grc' dir='ltr'><strong><em>ταῦτ’</em></strong></span> <span class='ocrx_word' id='word_1_181' title='bbox 840 2370 914 2455; x_wconf 80' lang='grc' dir='ltr'><strong><em>ἐρεῖ.</em></strong></span> <span class='ocrx_word' id='word_1_182' title='bbox 947 2373 977 2435; x_wconf 90' lang='grc' dir='ltr'><strong><em>εί</em></strong></span> <span class='ocrx_word' id='word_1_183' title='bbox 991 2376 1061 2436; x_wconf 78' lang='grc' dir='ltr'><strong><em>τοί-</em></strong></span> 
     </span>
     <span class='ocr_line' id='line_1_23' title="bbox 110 2466 1058 2556; baseline -0.002 -19"><span class='ocrx_word' id='word_1_184' title='bbox 110 2497 176 2538; x_wconf 88' lang='grc' dir='ltr'><strong><em>νυν</em></strong></span> <span class='ocrx_word' id='word_1_185' title='bbox 187 2469 252 2556; x_wconf 88' lang='grc' dir='ltr'><strong><em>άρα</em></strong></span> <span class='ocrx_word' id='word_1_186' title='bbox 264 2470 320 2538; x_wconf 83' lang='grc' dir='ltr'><strong><em>καὶ</em></strong></span> <span class='ocrx_word' id='word_1_187' title='bbox 331 2469 482 2547; x_wconf 82' lang='grc' dir='ltr'><strong><em>τοιοῦτός</em></strong></span> <span class='ocrx_word' id='word_1_188' title='bbox 492 2476 541 2547; x_wconf 85' lang='grc' dir='ltr'><strong><em>τίς</em></strong></span> <span class='ocrx_word' id='word_1_189' title='bbox 552 2471 642 2536; x_wconf 84' lang='grc' dir='ltr'><strong><em>ἐστιν</em></strong></span> <span class='ocrx_word' id='word_1_190' title='bbox 654 2466 836 2552; x_wconf 76' lang='grc' dir='ltr'><strong><em>ἅνθρωπος</em></strong></span> <span class='ocrx_word' id='word_1_191' title='bbox 850 2469 886 2536; x_wconf 82' lang='grc' dir='ltr'><strong><em>έν</em></strong></span> <span class='ocrx_word' id='word_1_192' title='bbox 902 2494 943 2556; x_wconf 85' lang='grc' dir='ltr'><strong><em>τη</em></strong></span> <span class='ocrx_word' id='word_1_193' title='bbox 928 2467 1058 2554; x_wconf 88' lang='grc' dir='ltr'><strong><em>πόλει,</em></strong></span> 
     </span>
     <span class='ocr_line' id='line_1_24' title="bbox 109 2563 1059 2667; baseline -0.001 -30.978"><span class='ocrx_word' id='word_1_194' title='bbox 109 2563 206 2648; x_wconf 85' lang='grc' dir='ltr'><strong><em>οίος’</em></strong></span> <span class='ocrx_word' id='word_1_195' title='bbox 189 2595 225 2637; x_wconf 91' lang='grc' dir='ltr'><strong><em>εκ</em></strong></span> <span class='ocrx_word' id='word_1_196' title='bbox 237 2566 363 2667; x_wconf 81' lang='grc' dir='ltr'><strong><em>παντὸς</em></strong></span> <span class='ocrx_word' id='word_1_197' title='bbox 373 2569 501 2652; x_wconf 89' lang='grc' dir='ltr'><strong><em>τρόπου</em></strong></span> <span class='ocrx_word' id='word_1_198' title='bbox 517 2566 578 2635; x_wconf 88' lang='grc' dir='ltr'><strong><em>τὸν</em></strong></span> <span class='ocrx_word' id='word_1_199' title='bbox 595 2567 776 2652; x_wconf 90' lang='grc' dir='ltr'><strong><em>κρινουντά</em></strong></span> <span class='ocrx_word' id='word_1_200' title='bbox 787 2594 879 2647; x_wconf 87' lang='grc' dir='ltr'><strong><em>τινας</em></strong></span> <span class='ocrx_word' id='word_1_201' title='bbox 890 2569 945 2635; x_wconf 77' lang='grc' dir='ltr'><strong><em>καὶ</em></strong></span> <span class='ocrx_word' id='word_1_202' title='bbox 956 2589 1059 2635; x_wconf 89' lang='grc' dir='ltr'><strong><em>συκο-</em></strong></span> 
     </span>
     <span class='ocr_line' id='line_1_25' title="bbox 108 2664 1122 2787; baseline -0.003 -51"><span class='ocrx_word' id='word_1_203' title='bbox 108 2667 322 2754; x_wconf 78' lang='grc' dir='ltr'><strong><em>φαντήσοντα</em></strong></span> <span class='ocrx_word' id='word_1_204' title='bbox 343 2672 525 2787; x_wconf 42' lang='grc' dir='ltr'><strong><em>ζητεῖνἎεί</em></strong></span> <span class='ocrx_word' id='word_1_205' title='bbox 493 2666 582 2735; x_wconf 74' lang='grc' dir='ltr'><strong><em>εἰδὲ</em></strong></span> <span class='ocrx_word' id='word_1_206' title='bbox 609 2670 700 2735; x_wconf 91' lang='grc' dir='ltr'><strong><em>δικαί</em></strong></span> <span class='ocrx_word' id='word_1_207' title='bbox 685 2673 742 2744; x_wconf 86' lang='grc' dir='ltr'><strong><em>ίως</em></strong></span> <span class='ocrx_word' id='word_1_208' title='bbox 769 2693 791 2752; x_wconf 94' lang='grc' dir='ltr'><strong><em>η</em></strong></span> <span class='ocrx_word' id='word_1_209' title='bbox 814 2664 937 2746; x_wconf 81' lang='grc' dir='ltr'><strong><em>ἀδίκως</em></strong></span> <span class='ocrx_word' id='word_1_210' title='bbox 956 2666 1122 2753; x_wconf 68' lang='grc' dir='ltr'><strong><em>μηδδνῖθκ</em></strong></span> 
     </span>
     <span class='ocr_line' id='line_1_26' title="bbox 109 2761 1058 2854; baseline 0 -22"><span class='ocrx_word' id='word_1_211' title='bbox 109 2771 312 2854; x_wconf 82' lang='grc' dir='ltr'><strong><em>φροντίζειν,</em></strong></span> <span class='ocrx_word' id='word_1_212' title='bbox 335 2761 483 2834; x_wconf 82' lang='grc' dir='ltr'><strong><em>οὐδε’ν”Ι</em></strong></span> <span class='ocrx_word' id='word_1_213' title='bbox 461 2793 505 2833; x_wconf 90' lang='grc' dir='ltr'><strong><em>αν</em></strong></span> <span class='ocrx_word' id='word_1_214' title='bbox 520 2792 621 2852; x_wconf 88' lang='grc' dir='ltr'><strong><em>ηττον</em></strong></span> <span class='ocrx_word' id='word_1_215' title='bbox 640 2763 734 2853; x_wconf 79' lang='grc' dir='ltr'><strong><em>εὕροι</em></strong></span> <span class='ocrx_word' id='word_1_216' title='bbox 750 2766 913 2854; x_wconf 85' lang='grc' dir='ltr'><strong><em>χρησιμον</em></strong></span> <span class='ocrx_word' id='word_1_217' title='bbox 934 2765 1015 2834; x_wconf 82' lang='grc' dir='ltr'><strong><em>ὄντα</em></strong></span> <span class='ocrx_word' id='word_1_218' title='bbox 1036 2793 1058 2852; x_wconf 92' lang='grc' dir='ltr'><strong><em>η</em></strong></span> 
     </span>
     <span class='ocr_line' id='line_1_27' title="bbox 107 2862 1059 2954; baseline -0.002 -22"><span class='ocrx_word' id='word_1_219' title='bbox 107 2873 229 2933; x_wconf 80' lang='grc' dir='ltr'><strong><em>τοῦτον</em></strong></span> <span class='ocrx_word' id='word_1_220' title='bbox 240 2862 405 2954; x_wconf 77' lang='grc' dir='ltr'><strong><em>ἑαυτῷ,</em></strong></span> <span class='ocrx_word' id='word_1_221' title='bbox 385 2892 436 2932; x_wconf 92' lang='grc' dir='ltr'><strong><em>οτι</em></strong></span> <span class='ocrx_word' id='word_1_222' title='bbox 453 2891 513 2932; x_wconf 90' lang='grc' dir='ltr'><strong><em>τον</em></strong></span> <span class='ocrx_word' id='word_1_223' title='bbox 524 2865 795 2953; x_wconf 90' lang='grc' dir='ltr'><strong><em>κατηγορησοντα</em></strong></span> <span class='ocrx_word' id='word_1_224' title='bbox 804 2872 872 2933; x_wconf 82' lang='grc' dir='ltr'><strong><em>τάν</em></strong></span> <span class='ocrx_word' id='word_1_225' title='bbox 883 2862 994 2933; x_wconf 89' lang='grc' dir='ltr'><strong><em>αλλων</em></strong></span> <span class='ocrx_word' id='word_1_226' title='bbox 1004 2865 1059 2931; x_wconf 82' lang='grc' dir='ltr'><strong><em>καὶ</em></strong></span> 
     </span>
     <span class='ocr_line' id='line_1_28' title="bbox 108 2961 1057 3050; baseline 0 -20"><span class='ocrx_word' id='word_1_227' title='bbox 108 2962 234 3041; x_wconf 85' lang='grc' dir='ltr'><strong><em>πάντας</em></strong></span> <span class='ocrx_word' id='word_1_228' title='bbox 250 2971 431 3046; x_wconf 85' lang='grc' dir='ltr'><strong><em>κρινοῦντα</em></strong></span> <span class='ocrx_word' id='word_1_229' title='bbox 448 2961 553 3031; x_wconf 82' lang='grc' dir='ltr'><strong><em>αὐτόν</em></strong></span> <span class='ocrx_word' id='word_1_230' title='bbox 568 2962 801 3050; x_wconf 77' lang='grc' dir='ltr'><strong><em>ἀνεξέλεγκτον</em></strong></span> <span class='ocrx_word' id='word_1_231' title='bbox 820 2962 980 3050; x_wconf 79' lang='grc' dir='ltr'><strong><em>ὑπάρχειν</em></strong></span> <span class='ocrx_word' id='word_1_232' title='bbox 998 2968 1057 3046; x_wconf 86' lang='grc' dir='ltr'><strong><em>δεῖ,</em></strong></span> 
     </span>
    </p>
   </div>
   <div class='ocr_carea' id='block_1_3' title="bbox 62 3059 1056 3447">
    <p class='ocr_par' dir='ltr' id='par_1_5' title="bbox 62 3059 1056 3447">
     <span class='ocr_line' id='line_1_29' title="bbox 106 3059 1056 3148; baseline -0.002 -19"><span class='ocrx_word' id='word_1_233' title='bbox 106 3066 162 3129; x_wconf 80' lang='grc' dir='ltr'><strong><em>ἵνα</em></strong></span> <span class='ocrx_word' id='word_1_234' title='bbox 174 3060 218 3148; x_wconf 78' lang='grc' dir='ltr'><strong><em>μη</em></strong></span> <span class='ocrx_word' id='word_1_235' title='bbox 232 3059 286 3128; x_wconf 83' lang='grc' dir='ltr'><strong><em>διδ</em></strong></span> <span class='ocrx_word' id='word_1_236' title='bbox 298 3061 360 3148; x_wconf 83' lang='grc' dir='ltr'><strong><em>την</em></strong></span> <span class='ocrx_word' id='word_1_237' title='bbox 368 3063 491 3130; x_wconf 87' lang='grc' dir='ltr'><strong><em>τούτου</em></strong></span> <span class='ocrx_word' id='word_1_238' title='bbox 503 3071 666 3148; x_wconf 90' lang='grc' dir='ltr'><strong><em>πονηρίαν</em></strong></span> <span class='ocrx_word' id='word_1_239' title='bbox 677 3061 916 3148; x_wconf 85' lang='grc' dir='ltr'><strong><em>ἀποφεύγωσιν</em></strong></span> <span class='ocrx_word' id='word_1_240' title='bbox 927 3064 1056 3128; x_wconf 83' lang='grc' dir='ltr'><strong><em>ἐκεῖνοι.</em></strong></span> 
     </span>
     <span class='ocr_line' id='line_1_30' title="bbox 106 3158 1056 3247; baseline -0.002 -20"><span class='ocrx_word' id='word_1_241' title='bbox 106 3161 228 3230; x_wconf 87' lang='grc' dir='ltr'><strong><em>τούτου</em></strong></span> <span class='ocrx_word' id='word_1_242' title='bbox 241 3160 271 3229; x_wconf 88' lang='grc' dir='ltr'><strong><em>δ’</em></strong></span> <span class='ocrx_word' id='word_1_243' title='bbox 286 3160 362 3229; x_wconf 78' lang='grc' dir='ltr'><strong><em>οὔτε</em></strong></span> <span class='ocrx_word' id='word_1_244' title='bbox 372 3161 537 3232; x_wconf 91' lang='grc' dir='ltr'><strong><em>πλειόνων</em></strong></span> <span class='ocrx_word' id='word_1_245' title='bbox 548 3161 625 3229; x_wconf 75' lang='grc' dir='ltr'><strong><em>οὔτε</em></strong></span> <span class='ocrx_word' id='word_1_246' title='bbox 636 3161 797 3246; x_wconf 79' lang='grc' dir='ltr'><strong><em>μειζόνων</em></strong></span> <span class='ocrx_word' id='word_1_247' title='bbox 813 3158 1056 3247; x_wconf 82' lang='grc' dir='ltr'><strong><em>ἁμαρτημάτων</em></strong></span> 
     </span>
     <span class='ocr_line' id='line_1_31' title="bbox 62 3250 1055 3348; baseline -0.007 -16"><span class='ocrx_word' id='word_1_248' title='bbox 62 3259 217 3339; x_wconf 67' lang='grc' dir='ltr'><strong><em>λοούδεὶς</em></strong></span> <span class='ocrx_word' id='word_1_249' title='bbox 228 3261 356 3346; x_wconf 78' lang='grc' dir='ltr'><strong><em>μᾶλλόν</em></strong></span> <span class='ocrx_word' id='word_1_250' title='bbox 374 3265 442 3329; x_wconf 83' lang='grc' dir='ltr'><strong><em>ἐστι</em></strong></span> <span class='ocrx_word' id='word_1_251' title='bbox 459 3258 577 3347; x_wconf 83' lang='grc' dir='ltr'><strong><em>μεστός</em></strong></span> <span class='ocrx_word' id='word_1_252' title='bbox 592 3262 629 3328; x_wconf 82' lang='grc' dir='ltr'><strong><em>έν</em></strong></span> <span class='ocrx_word' id='word_1_253' title='bbox 640 3267 681 3348; x_wconf 78' lang='grc' dir='ltr'><strong><em>τῇ</em></strong></span> <span class='ocrx_word' id='word_1_254' title='bbox 692 3258 795 3328; x_wconf 89' lang='grc' dir='ltr'><strong><em>πόλει.</em></strong></span> <span class='ocrx_word' id='word_1_255' title='bbox 826 3265 860 3327; x_wconf 90' lang='grc' dir='ltr'><strong><em>τί</em></strong></span> <span class='ocrx_word' id='word_1_256' title='bbox 875 3251 939 3326; x_wconf 78' lang='grc' dir='ltr'><strong><em>οὖν</em></strong></span> <span class='ocrx_word' id='word_1_257' title='bbox 955 3250 1055 3340; x_wconf 81' lang='grc' dir='ltr'><strong><em>οὗτός</em></strong></span> 
     </span>
     <span class='ocr_line' id='line_1_32' title="bbox 106 3356 1053 3447; baseline -0.003 -19"><span class='ocrx_word' id='word_1_258' title='bbox 106 3365 190 3444; x_wconf 73' lang='grc' dir='ltr'><strong><em>ἕσας</em></strong></span> <span class='ocrx_word' id='word_1_259' title='bbox 212 3361 306 3428; x_wconf 89' lang='grc' dir='ltr'><strong><em>κύων</em></strong></span> <span class='ocrx_word' id='word_1_260' title='bbox 316 3358 357 3447; x_wconf 77' lang='grc' dir='ltr'><strong><em>νὴ</em></strong></span> <span class='ocrx_word' id='word_1_261' title='bbox 369 3369 447 3447; x_wconf 90' lang='grc' dir='ltr'><strong><em>Δία,</em></strong></span> <span class='ocrx_word' id='word_1_262' title='bbox 460 3366 546 3446; x_wconf 91' lang='grc' dir='ltr'><strong><em>φασί</em></strong></span> <span class='ocrx_word' id='word_1_263' title='bbox 552 3387 653 3444; x_wconf 83' lang='grc' dir='ltr'><strong><em>τινες,</em></strong></span> <span class='ocrx_word' id='word_1_264' title='bbox 667 3369 729 3426; x_wconf 83' lang='grc' dir='ltr'><strong><em>τοῦ</em></strong></span> <span class='ocrx_word' id='word_1_265' title='bbox 740 3358 856 3445; x_wconf 80' lang='grc' dir='ltr'><strong><em>δήμου.</em></strong></span> <span class='ocrx_word' id='word_1_266' title='bbox 890 3356 1053 3438; x_wconf 85' lang='grc' dir='ltr'><strong><em>ποδαπός;</em></strong></span> 
     </span>
    </p>
   </div>
   <div class='ocr_carea' id='block_1_4' title="bbox 104 3438 1139 3608">
    <p class='ocr_par' dir='ltr' id='par_1_6' title="bbox 104 3438 1139 3608">
     <span class='ocr_line' id='line_1_33' title="bbox 104 3438 1139 3608; baseline -0.001 -82"><span class='ocrx_word' id='word_1_267' title='bbox 104 3454 173 3539; x_wconf 84' lang='grc' dir='ltr'><strong><em>οἷος</em></strong></span> <span class='ocrx_word' id='word_1_268' title='bbox 189 3456 248 3538; x_wconf 75' lang='grc' dir='ltr'><strong><em>οὓς</em></strong></span> <span class='ocrx_word' id='word_1_269' title='bbox 264 3459 325 3545; x_wconf 73' lang='grc' dir='ltr'><strong><em>μὲν</em></strong></span> <span class='ocrx_word' id='word_1_270' title='bbox 342 3464 484 3528; x_wconf 83' lang='grc' dir='ltr'><strong><em>αίτιάται</em></strong></span> <span class='ocrx_word' id='word_1_271' title='bbox 501 3459 624 3539; x_wconf 88' lang='grc' dir='ltr'><strong><em>λύκους</em></strong></span> <span class='ocrx_word' id='word_1_272' title='bbox 641 3458 725 3527; x_wconf 77' lang='grc' dir='ltr'><strong><em>εἶναι</em></strong></span> <span class='ocrx_word' id='word_1_273' title='bbox 741 3456 786 3546; x_wconf 76' lang='grc' dir='ltr'><strong><em>μὴ</em></strong></span> <span class='ocrx_word' id='word_1_274' title='bbox 805 3438 1139 3608; x_wconf 56' lang='lat' dir='ltr'><strong><em>&amp;duvewffl</em></strong></span> 
     </span>
    </p>
   </div>
   <div class='ocr_carea' id='block_1_5' title="bbox 0 0 1190 3854">
    <p class='ocr_par' dir='ltr' id='par_1_7' title="bbox 0 0 1190 3854">
     <span class='ocr_line' id='line_1_34' title="bbox 0 0 1190 3854; baseline 0 1"><span class='ocrx_word' id='word_1_275' title='bbox 0 0 1190 3854; x_wconf 95' lang='lat' dir='ltr'><strong><em> </em></strong></span> 
     </span>
    </p>
   </div>
   <div class='ocr_carea' id='block_1_6' title="bbox 792 3756 847 3791">
    <p class='ocr_par' dir='ltr' id='par_1_8' title="bbox 792 3756 847 3791">
     <span class='ocr_line' id='line_1_35' title="bbox 792 3756 847 3791; baseline 0 0"><span class='ocrx_word' id='word_1_276' title='bbox 792 3756 847 3791; x_wconf 59' lang='grc' dir='ltr'><strong><em>,Α</em></strong></span> 
     </span>
    </p>
   </div>
  </div>
 </body>
</html>
