2370 3854
349 184 493 247 ΚΑΤΑ
520 186 764 249 ΜΕΙΔΙΟΤ.
973 191 1033 251 103

87 349 142 412 καὶ
163 349 393 431 παραπέμπειν
421 346 500 424 τούς
527 347 726 429 στρατιώτας
753 345 815 416 οάιι
837 350 1033 436 ἐβοήθησεν,

86 443 156 511 ἀλλ’
168 443 231 530 ήδη
242 453 311 513 τεόν
320 449 477 513 σπονδῶν
498 453 693 532 γεγονυιῶν,
713 443 906 533 όὶςΔιοκλής
926 450 1036 516 ἐσπεί-

86 563 166 610 σατο
180 551 346 630 Θηβαίοις,
358 534 449 630 ήκεν.
471 547 525 615 καὶ
535 543 610 610 τότε
619 540 855 630 ήττάτοπλέων
865 555 933 633 τοῖν
944 552 1036 615 ίδιυ-

86 641 444 731 τικῶντριήρσινμιάς·
468 639 575 720 οὕτως
586 635 625 709 τά
633 641 694 728 τήν
705 641 921 737 ἱεράντριήρη
933 667 1036 730 παρε-

86 740 251 808 σκευάκει.
276 744 449 827 ἱππαρχῶν
459 747 586 828 τοίνυν,
598 749 631 808 τί
640 741 881 830 οίεσθετᾷλλα;
899 740 967 811 ἀλλ’
979 747 1092 815 &ft-571

87 864 162 921 πον,
174 843 277 906 ἵππον
288 836 352 911 οὐκ
361 838 540 927 ἐτόλμησεν
552 837 570 906 ὁ
581 837 730 925 λαμπρός
741 842 796 913 καὶ
806 841 965 921 πλούσιος
975 835 1036 907 οὗ-

86 964 142 1015 τος
158 945 336 1024 πρίασθαι,
359 934 428 1009 ἄλλ’
441 936 490 1012 ἐπ’
502 935 679 1022 ἀλλοτρίου
695 935 754 1016 τός
770 935 902 1024 πομπάς
913 936 1034 1026 ἡγεῖτο,

86 1044 147 1104 τοῦ
161 1038 352 1124 Φιλομήλου
362 1043 423 1104 τοῦ
433 1038 619 1114 Παιανιέως
628 1039 741 1112 ἵππου.
769 1037 939 1102 καὶταῦτα
949 1033 1034 1101 πάν-

85 1160 138 1214 τες
150 1143 260 1203 ίσασιν
271 1140 306 1203 οί
313 1140 431 1217 ἱππεῖς.
465 1136 520 1202 καὶ
532 1133 584 1201 ότι
594 1131 688 1200 ταῦτ’
701 1132 811 1220 άληθή
829 1136 924 1219 λέγω,
943 1133 1035 1201 κάλει

86 1259 142 1317 μοι
152 1235 207 1301 καὶ
218 1233 347 1301 τούτων
359 1234 439 1315 τους
451 1230 632 1317 μάρτυρας.

438 1381 687 1441 ΜΑΡΤῬΡΕΣ.

44 1532 77 1585 75
172 1518 341 1604 Βούλομαι
351 1525 468 1585 τοίνυν
485 1515 580 1605 ὑμῖν,
604 1511 956 1604 ὦάνδρεςἉθηναῖοι,
983 1516 1037 1583 καὶ

89 1616 180 1684 ὅσων
199 1614 263 1702 ήδη
285 1618 660 1711 καταχειροτονήσαντος
675 1625 738 1685 τοῦ
756 1615 865 1702 δήμου
883 1619 957 1698 περὶ
974 1615 1036 1700 τήν

87 1713 205 1800 ἑορτήν
216 1709 345 1789 ιἰδικείν
355 1712 450 1800 ὑμεῖς
460 1714 705 1801 κατεγνώκατε,
727 1720 846 1798 εἰπεῖν,
864 1715 919 1779 καὶ
935 1717 1037 1791 δείξαι

86 1820 119 1879 τί
139 1812 352 1899 πεπονηκότες
373 1810 485 1899 αὐτῶν
507 1819 591 1891 ἔνιοι
610 1823 700 1894 τίνος
721 1813 821 1900 όργής
843 1810 1038 1898 τετυχήκασι

87 1910 163 1997 παρ’
176 1909 282 1998 ὑμῶν,
294 1917 350 1980 ἵνα
360 1919 466 1979 ταῦτα
477 1911 560 2000 πρός
570 1911 610 1982 τά
622 1911 730 2001 τοάτςο
742 1911 959 1999 πεπραγμένα
975 1906 1037 1975 άν-

86 2017 208 2095 τιθήτε.
228 2017 362 2097 πρῶτον
372 2011 432 2097 μὲν
443 2017 569 2098 τοίνυν,
578 2015 635 2079 ἵνα
646 2010 777 2098 πρώτης
788 2015 1038 2097 τήςτελενταίας

86 2114 260 2192 γεγονυίας
277 2115 421 2195 μνησθῶ
438 2109 692 2195 καταγνώσεως,
716 2111 790 2192 περὶ
811 2107 851 2174 τά
874 2107 1037 2192 μυστήρια

87 2203 213 2272 ἀδικεῖν
224 2202 406 2289 Εὐάνδρου
417 2208 729 2295 κατεχειροτόνησεν
745 2204 763 2273 ὁ
783 2210 886 2291 δήμος
901 2210 962 2271 τοῦ
974 2211 1038 2269 (δε-

88 2308 217 2386 σπιέως,
230 2306 484 2391 προβαλομένου
496 2300 600 2371 αὐτόν
610 2308 809 2385 Μενίππου,
827 2298 939 2382 Καρός
949 2325 1038 2375 τινος

87 2398 283 2483 ἀνθρώπου.
317 2406 387 2482 ἔστι
404 2399 467 2468 δ’ὁ
485 2401 586 2481 αὐτός
601 2401 704 2489 νόμος
720 2406 804 2490 τῷδε
815 2406 861 2484 τῷ
877 2401 952 2483 περὶ
969 2404 1036 2463 τῶν

87 2497 315 2566 Διονυσίωνό
338 2501 493 2585 περὶτῶν
514 2507 715 2586 μυστηρίων,
734 2496 886 2576 κάκείυος
897 2495 1036 2579 ὕστερος

40 2607 74 2661 76
84 2602 183 2665 τοῦδε
194 2601 301 2683 ἐτέθη.
335 2605 371 2665 τί
379 2591 443 2666 οὖν
454 2598 669 2685 ποιήσαντος,
687 2590 845 2683 άάνδρες
854 2593 1033 2680 Ἀθηναῖοι,

84 2696 414 2784 κατεχειροτονήσατε
432 2706 495 2765 τοῦ
515 2697 714 2783 Εὐάνδρον;
750 2692 836 2763 τοῦτ’
861 2692 1034 2774 ἀκούσατε,

86 2794 137 2862 ότι
149 2800 247 2882 δίκην
255 2793 438 2882 ἐμπορικήν
454 2797 758 2882 καταδικασάμενος
769 2799 831 2861 τοῦ
840 2799 1033 2875 Μενίππου,

87 2892 149 2960 οὐκ
162 2899 245 2977 ἔχων
256 2897 421 2982 πρότερον
436 2903 550 2982 λαβεῖν
562 2893 677 2980 αὐτόν,
691 2892 734 2981 ὡς
745 2900 819 2987 ἔφη,
830 2906 899 2971 τοῖς
909 2912 1035 2977 μυστη-

87 2997 169 3073 ρίοις
180 2996 417 3079 ἐπιδημοῦντος
428 2995 614 3080 ἐπελάβετο.
638 2989 966 3079 κατεχειροτονήσατε
976 2989 1035 3070 μὲν

87 3087 141 3155 διά
151 3098 272 3174 ταῦτα,
294 3096 349 3159 καί
361 3090 437 3160 οὐδ’
450 3090 564 3161 ὁτιοῦν
577 3092 659 3161 άλλο
671 3099 816 3179 προσῆν,
840 3085 1034 3154 εἰσελθόντα

86 3185 117 3252 δ’
131 3192 177 3265 είς
187 3187 224 3254 τό
238 3189 449 3277 δικαστήριον
465 3191 647 3277 ἐβούλεσθε
664 3191 725 3276 μὲν
735 3187 873 3274 θανάτςο
884 3183 1033 3266 κολάσαι,

85 3293 146 3352 τοῦ
158 3289 194 3354 δὲ
212 3291 466 3376 προβαλομένου
485 3293 680 3367 πεισθέντος
696 3285 759 3372 τήν
770 3289 867 3369 δίκην
877 3309 911 3350 τε
923 3290 1034 3349 πᾶσαν

84 3383 219 3470 άφείναι
236 3382 444 3471 ἠναγκάσατε
463 3384 582 3472 αὐτόν,
605 3382 648 3471 ήν
664 3381 783 3473 ᾑρήκει
798 3379 962 3468 πρότερον
978 3404 1032 3466 ηηι
