2370 3854
194 226 319 289 ΠΡΟΣ
329 223 539 289 ΒΟΙΩΤΟΝ
549 223 661 287 ΠΕΡΙ
670 224 820 286 ΠΡΟΙΚ.
837 223 951 286 ΜΗΤ.
988 222 1052 290 483

98 388 241 475 μάλιστα
257 387 394 457 ιιύντων
411 390 448 455 ἐν
465 393 507 472 τῇ
522 384 617 454 πόλει
627 381 858 472 εὐδοκιμῆσαι·
882 385 961 454 ὥστ’
973 385 1052 459 οὔτε

98 485 158 555 τὸν
166 489 296 555 ἐκείνου
304 493 473 572 κροσῆκεν
481 480 730 570 υίόνύτροικον
740 483 846 573 αύτήν
854 487 1052 574 γῆμααούτε

97 589 288 666 Μενέξενον
306 587 360 653 καλ
369 584 550 653 Βάθυλλον
567 582 655 661 εἰκός
671 586 776 667 ἐστιν,
799 585 923 664 αύτούς
938 611 975 653 τε
991 584 1052 655 ού-

98 691 174 753 σίαν
190 683 317 770 πολλὴν
335 685 556 769 κεκτημένους
572 684 626 749 καὶ
637 685 885 768 Κλεομέδοντος
895 686 1051 772 τελευτη-

97 803 216 862 σαντος
236 787 480 871 κομισαμένους
499 777 562 868 τὴν
583 796 721 866 προῖκα,
744 779 967 868 ἀποστερῆσαι
987 780 1050 868 τὴν

96 879 246 969 ἀδελφὴν
259 886 321 969 την
332 884 471 966 ἑαυτῶν,
483 876 567 948 ἀλλὰ
575 881 784 966 προσθέντας
795 877 919 959 αύτούς
928 884 1050 948 ἐκδού-

94 1008 151 1048 ναι
168 989 216 1070 τῷ
231 978 378 1071 ἡμετέρῳ
397 980 510 1066 πατρὶ,
535 977 688 1061 καθάπερ
698 981 753 1045 καὶ
764 975 858 1047 αύτοδ
869 976 952 1064 πρός
963 976 1050 1064 ὑμᾶς

50 1100 84 1154 26
95 1081 151 1148 καὶ
166 1083 201 1148 ολ
208 1078 303 1149 ἄλλοι
315 1078 616 1166 μεμαρτυρήκασιν.
649 1079 748 1164 χωρὶς
758 1077 795 1145 δὲ
804 1077 934 1146 τούτων
945 1081 1050 1146 ἐνδυ·
1151 1134 1154 1141 ,

94 1177 222 1265 μήδητε
234 1178 288 1248 διὰ
299 1186 333 1246 τί
340 1178 385 1246 ἄν
395 1201 474 1245 ποτε
487 1172 504 1242 ὁ
516 1177 640 1261 πατήρ,
663 1184 754 1258 εἴπερ
766 1173 787 1261 ἡ
798 1180 860 1261 μὲν
871 1175 930 1262 ἐμὴ
942 1176 1049 1263 μήτηρ
1162 1250 1165 1254 ,

93 1276 139 1364 μη
160 1270 204 1364 ἦν
224 1277 365 1362 ἐγγυητὴ
388 1271 467 1360 μηδ’
489 1271 651 1359 ἠνέγκατο
670 1287 809 1361 προῖκα,
831 1273 903 1361 ηδε
919 1276 1050 1344 τούτων

93 1372 255 1459 ἠνέγκατο
262 1423 273 1456 ,
290 1372 430 1452 τούτους
441 1372 502 1458 μὲν
514 1369 577 1439 ούκ
589 1377 653 1458 ἔφη
665 1368 771 1439 αὑτοῦ
781 1375 863 1452 υἱεῖς
874 1373 974 1463 εἶναι,
993 1378 1049 1461 ἐμὲ

93 1472 129 1539 δὲ
140 1471 344 1539 καὶέιιοιεῐτο
357 1472 413 1538 καὶ
424 1473 613 1551 εἰταίδευευ;
626 1469 678 1538 ὅτι
688 1468 806 1556 νὴΔέ,
820 1469 864 1550 τός
876 1464 969 1541 οὗτοι
980 1473 1049 1559 φη-

94 1588 228 1655 σουσιν,
251 1571 322 1656 ἐμοὶ
343 1567 553 1655 χαριζόμενος
573 1570 629 1636 καὶ
649 1576 690 1656 τῇ
712 1572 775 1656 ἐμῇ
794 1573 893 1658 μητρὶ
908 1572 1050 1650 τούτους

49 1667 254 1755 λλητίμαζεν.
287 1664 361 1736 ἄλλ’
380 1669 488 1756 ἐκείνη
506 1669 625 1755 μὲνέτι
636 1672 737 1736 παῖδα
748 1669 870 1756 μικρὸν
881 1671 1049 1791 ἐμέκατα-

93 1773 237 1835 λιποῦσα
253 1764 338 1852 αντη
354 1764 415 1835 τόν
424 1773 500 1854 βίον
512 1767 738 1854 ἐτελεύτησεν,
761 1796 782 1856 η
772 1765 832 1837 δὲ
844 1770 973 1839 τούτων
983 1771 1049 1890 μη-

92 1891 153 1985 τηρ
164 1863 334 1950 Πλαγγών
349 1868 405 1933 κοδ
422 1866 588 1953 πρότερον
604 1869 659 1936 καλ
673 1893 754 1955 μετα
766 1877 870 1938 ταῦτα
881 1868 1049 1957 εύτρειτης

92 1992 154 2052 την
175 1961 254 2043 όψιν
277 1955 361 2033 ούσα
378 1967 568 2051 ἐπλησίαζεν
585 1964 692 2057 αύτῷ
716 1967 800 2037 ὥστε
816 1967 903 2039 πολύ
920 1979 1048 2058 μᾶλλον

92 2055 213 2141 ἰκος
190 2088 235 2147 ην
245 2088 349 2131 αυτον
361 2061 460 2131 δια
425 2089 488 2150 την
498 2070 608 2146 ζουσαν
617 2081 761 2152 γυναῖκα
768 2117 779 2152 ,
799 2095 840 2154 ης
850 2071 938 2151 έρων
948 2067 1047 2153 ἐτυγ
1131 2126 1135 2131 .

89 2186 184 2246 χανε,
202 2157 262 2228 τὸν
273 2187 331 2247 της
340 2161 530 2250 τεθυεεισης
539 2187 617 2232 υιον
628 2161 853 2251 ατιμύξειν,”
830 2193 851 2251 η
866 2162 962 2250 δι’ἐμ
964 2167 1046 2234 ἐκαι

88 2255 152 2344 τὴν
169 2266 441 2344 τετελευτηκυῖαν
459 2261 538 2342 τούς
549 2265 585 2331 έκ
597 2270 654 2348 τῆς
665 2263 768 2350 ζύσης
778 2266 833 2331 καὶ
845 2264 1046 2350 ulnffmssov‘e

47 2376 150 2443 ηςσης
171 2353 264 2446 αύτῷ
283 2362 404 2438 παῖδας
424 2357 469 2446 μὴ
491 2370 668 2429 ποιεῖσθαι.
699 2368 805 2429 καίτοι
827 2354 926 2443 οὗτός
946 2361 980 2448 γ’
999 2369 1046 2442 εἰς

89 2462 188 2524 τούτο
206 2458 328 2543 τόλμης
343 2456 418 2544 ἥκει
435 2458 519 2527 ὥστε
530 2463 611 2546 φησὶ
621 2458 683 2529 τόν
693 2462 817 2540 πατέρα
826 2487 892 2546 μου
904 2461 1046 2548 δεκάτην

89 2553 173 2640 ὑπὲρ
185 2553 291 2624 αύτοῦ
302 2558 456 2626 ἑστιᾶσαι.
479 2562 535 2626 καὶ
545 2561 619 2645 περὶ
630 2558 752 2627 τούτου
760 2557 868 2644 μόνον
878 2558 1045 2646 Τιμοκρύ-
1055 2579 1120 2638 1017

88 2681 167 2734 τους
176 2658 231 2724 καὶ
241 2654 423 2743 Προμάχου
435 2660 631 2745 ἐμβέβληται
641 2663 839 2744 μαρτυρίας,
857 2656 977 2725 οΐούτε
988 2664 1045 2743 γε’-

89 2779 140 2820 νει
156 2756 367 2842 ιτροσήκουσέ
380 2782 446 2842 μου
463 2765 509 2846 τῷ
527 2758 626 2839 πατρὶ
643 2754 745 2824 οὐδὲν
764 2755 843 2825 ούτε
853 2765 946 2844 φίλοι
955 2751 1044 2844 ἦσαν

88 2856 212 2939 ἐκείνῳ.
246 2853 334 2921 οὕτω
352 2854 387 2923 δὲ
405 2863 559 2941 φανεροῖς
576 2854 616 2924 τοὶ
634 2861 743 2944 ψευδῆ
752 2858 1045 2945 μεμαρτυρήκασιν

89 2948 171 3017 ωστε
194 2947 235 3018 δυ
255 2953 391 3020 πάντων
412 2952 508 3040 ὑμοιο
530 2954 669 3023 εἰδότων
689 2953 803 3023 ούτοσλ
820 2958 915 3041 δίκην
931 2955 1044 3042 λαχδυ

88 3048 211 3117 ἄκοντα
231 3047 401 3135 ηνύγκασε
424 3053 629 3139 ποιήσασθαι
650 3051 771 3135 αύτδν,
794 3061 916 3120 τούτου
936 3045 1041 3149 οὗτοι,

88 3144 199 3232 ὥσπερ
211 3155 381 3234 κληιηρες,
394 3149 511 3218 δύο’
466 3176 566 3236 μουοι
576 3150 671 3230 ὄντες
682 3158 889 3239 μαρτυροῦσι
900 3114 1044 3240 δεκατηύ

40 3257 73 3312 29
87 3240 172 3328 ὑπὲρ
193 3246 316 3314 τούτου
332 3248 487 3316 ἑστιᾶσαι.
520 3245 570 3328 οἷς
583 3246 670 3330 τίς’“
648 3278 691 3318 αν
707 3249 804 3338 ύμυυ
821 3252 1044 3332 πιστεύσειενς

53 3339 194 3412 καὶ
153 3369 220 3430 μην
237 3341 348 3411 οὐδ”
331 3348 438 3416 εκεινό
455 3373 493 3433 γε
511 3354 615 3417 ελτιειν
626 3345 715 3437 αύτεο
703 3349 955 3441 ἐνδέχεται,’
933 3378 1044 3439 ωςμι-

86 3440 170 3526 κρόν
182 3469 244 3526 μεν
255 3442 337 3512 ὅντα
349 3445 542 3516 ἐκοιελτο’
501 3445 605 3518 αυτόν
616 3444 635 3517 ὁ
647 3445 780 3536 πατὴρ,
795 3440 950 3593 μελξσχιέἳ
958 3447 1066 3526 ’ΜΨ
