2370 3854
15 289 20 298 .
136 228 178 292 92
345 234 419 291 xxl.
462 225 882 292 ΔΗΜΟΣΘΕΝΟῬΣ

137 392 265 460 κιεῖκαὶ
278 387 423 469 πολλούς
433 386 581 475 ἀθρόους
593 386 690 474 ὑμῶν
701 387 768 474 ἅμα
780 392 847 478 ἐλᾷ,
860 387 1004 479 ἀβίωτον
1016 388 1092 480 ᾤετ’

78 517 127 571 132
138 495 274 559 ἔσεσθαι
285 490 346 558 τὸν
355 495 431 576 βίον
443 486 541 579 αὐτῷ.
566 492 621 555 καὶ
631 485 671 555 τά
682 487 742 573 μὲν
753 488 836 557 ἀλλα
849 497 979 576 σιωποΞ,
990 496 1095 575 μυρία
1103 514 1144 568 5η

90 648 92 653 .
140 598 243 659 εἰπεῖν
259 597 344 677 ἔχων
350 641 360 675 ,
383 592 460 675 περὶ
477 592 513 658 δὲ
530 597 599 656 τολν
616 592 956 675 συστρατευσαμένων
966 593 1094 658 ίππέων

140 688 379 776 εἰς”Αρηουραυ
389 697 458 757 ίστε
470 686 579 773 δήπου
591 686 710 764 πάντες
721 680 774 753 οἶα
783 687 1008 772 ἐδημηγόρησε
1018 685 1092 774 παρ’

137 786 232 874 ὑμῖν,
255 784 314 856 ὅθ’
333 782 413 875 ἧκεν
429 791 465 855 ἐκ
476 791 654 868 Χαλκίδος,
677 794 872 872 κατηγορῶν
885 788 941 854 καί
952 786 1095 872 φάσκων

127 885 267 969 ὄνειδος
283 890 431 965 ἐξελθεῖν
447 886 509 972 την
527 882 683 969 στρατιὰν
699 885 824 971 ταύτην
845 892 885 974 τῇ
907 886 1015 954 πόλει·
1037 886 1094 953 καί

135 984 198 1072 τὴν
208 990 379 1068 λοιδορίαν
389 982 431 1070 ἣν
442 983 640 1070 ἐλοιδορήθη
647 990 801 1071 Κρατίνῳ
811 986 886 1071 περὶ
896 984 1035 1068 τούτων,
1048 981 1094 1062 ὡς

120 1081 203 1169 Ιἐμω
214 1082 448 1168 πυνθάνομαι,
468 1086 621 1168 μέλλοντι
630 1090 771 1170 βοηθεῖν
782 1080 888 1173 αύτῷ,
910 1085 1091 1169 μέμνησθε.

136 1180 197 1250 τδν
210 1179 249 1266 δὴ
262 1181 433 1259 τοσούτοις
443 1180 582 1267 ἀθρόοις
593 1189 661 1248 τοῖν
673 1188 817 1248 πολιτοῖυ
828 1185 954 1266 ἐχθράν
965 1178 1016 1248 ἐπ’
1031 1179 1094 1247 ού-

139 1284 209 1349 δενί
225 1279 428 1366 τηλικαύτην
443 1277 612 1365 ἀράμενον
628 1279 715 1367 πόση
732 1286 874 1366 πονηρίᾳ
893 1280 948 1346 καὶ
958 1279 1094 1364 θρασύ-

77 1398 128 1453 133
136 1405 208 1465 τητι
219 1385 325 1447 ταῦτα
334 1375 396 1464 χρὴ
409 1383 553 1464 νομίζειν
564 1377 736 1464 πράττειυ;
760 1383 866 1445 καίτοι
883 1375 995 1461 πότερ’
1009 1381 1093 1446 εἰσὶν

137 1476 281 1561 ὄνειδος,
305 1469 483 1562 ἀΜειδία,
504 1483 544 1563 τῇ
561 1475 655 1544 πόλει
665 1479 700 1543 οί
709 1477 880 1563 διαβάντες
891 1480 927 1544 ἐν
939 1476 1027 1556 τάξει
1037 1479 1093 1544 καὶ

137 1575 199 1663 τὴν
209 1575 334 1660 σκευὴν
346 1579 490 1660 ἔχοντες,
512 1572 555 1660 ἢν
572 1583 719 1660 προσῆκε
736 1571 814 1653 τούς
829 1576 882 1641 ἐπὶ
897 1573 976 1653 τούς
993 1582 1092 1643 πολε·

136 1683 233 1761 μίους
245 1673 392 1753 ἐξιόντας
404 1673 458 1740 καὶ
470 1675 766 1758 συμβαλουμένους
775 1686 843 1750 τοῖς
854 1672 1053 1758 συμμάχοις,
1070 1668 1093 1759 ἢ

137 1771 180 1840 σύ
198 1770 215 1842 ὁ
235 1772 317 1858 μηδὲ
334 1779 445 1856 λαχεῖν
462 1767 641 1856 εὐχόμενος
658 1771 906 1856 τῶνέξιύντων,
930 1769 980 1838 ὅτ’
994 1774 1093 1858 ἐκλη-

13 1913 19 1922 ·
127 1879 217 1957 -ρού,
228 1869 287 1937 τὸν
298 1869 441 1954 θάρακα
452 1868 488 1936 δέ
505 1866 711 1936 οὐδεπώποτ’
726 1867 840 1957 ἐνδύς,
862 1868 911 1937 ἐπ’
926 1869 1093 1957 ἀστράβης

137 1970 173 2038 δέ
181 1967 365 2055 ὀχούμενος
373 1963 547 2053 [ἀργυρᾶς]
555 1970 614 2049 τῆς
621 1968 653 2046 ἐξ
660 1965 818 2053 Εὐβοίας,
823 1974 978 2052 χλανίδας
990 1969 1025 2037 δὲ
1037 1973 1091 2036 καλ

137 2073 260 2154 κυμβία
272 2069 327 2136 καὶ
337 2065 461 2145 κάδους
472 2071 573 2152 ἔχων,
586 2058 635 2132 ὦν
646 2067 915 2153 ἐπελαμβάνοντο
928 2072 960 2133 οί
969 2092 1093 2154 πεντη-

136 2167 346 2252 κοστολύγοι;
357 2170 460 2233 ταῦτα
471 2163 536 2251 γάρ
548 2170 593 2244 είς
603 2162 682 2244 τούς
691 2162 827 2243 ὁπλίτας
835 2161 920 2250 ἡμᾶς
927 2163 1094 2250 ἀπηγγέλ-

77 2283 128 2339 134
136 2275 226 2336 λετο·
249 2263 291 2334 ού
306 2265 371 2352 γάρ
389 2269 435 2346 είς
447 2259 549 2334 τδιύτδ
569 2261 663 2352 ἡμεῖς
678 2265 807 2343 τούτοις
825 2265 988 2350 διέβημεν.
1024 2262 1093 2331 ἐἶτα

137 2375 168 2434 εί
177 2363 211 2432 σ”
223 2367 274 2433 ἐπὶ
285 2363 415 2443 τούτοις
426 2370 575 2447 ἔσκωψεν
583 2362 789 2451 Ἀρχετίωνῆ
800 2388 848 2441 τις
863 2361 980 2447 ἀλλος,
1003 2363 1092 2430 πάν-

136 2490 193 2541 τας
203 2463 362 2550 ἥλαννεςς
376 2470 407 2531 εί
417 2464 479 2548 μὲν
489 2463 553 2548 γάρ
565 2468 684 2542 ἐποίεις
694 2471 815 2547 ταῦτα,
829 2454 857 2528 ἀ
868 2465 1009 2544 Μειδία,
1022 2458 1043 2528 ἀ
1055 2465 1095 2530 σε’

137 2581 241 2649 φασιν
253 2566 286 2629 oc
294 2575 467 2640 συνιππεῖς
477 2563 533 2628 καὶ
543 2561 735 2646 κατηγόρεις
745 2557 788 2638 ὡς
797 2561 925 2644 λέγοιεν
933 2561 1008 2644 περὶ
1018 2567 1092 2645 σού,

139 2665 271 2738 δικαίως
282 2658 538 2746 κακύςῆκουες·
561 2661 616 2728 καί
626 2657 691 2744 γάρ
704 2662 849 2738 ἐκείνους
865 2662 919 2726 καί
936 2661 1093 2727 τουτουσὶ

138 2761 193 2826 καί
210 2757 292 2843 ὅλην
308 2757 370 2845 την
386 2759 486 2826 πόλιν
501 2757 623 2844 ἠδίκεις
640 2761 694 2827 καλ
710 2760 919 2847 κατῄσχυνες.
954 2765 984 2827 εί
999 2758 1034 2827 δέ
1045 2755 1089 2844 μὴ

138 2856 313 2933 ποιοῦντός
340 2875 404 2925 σου
431 2858 672 2938 κατεσκεύαζόν
698 2885 785 2938 τινες
806 2857 1096 2944 καταψευδόμενοί

139 2974 218 3041 σου,
241 2958 275 3022 οί
290 2953 325 3022 δὲ
341 2958 450 3023 λοιποί
466 2964 534 3026 των
545 2967 754 3042 στρατιωτῶν
764 2955 827 3026 οὐκ
839 2960 975 3036 ἐκείνοις
985 2960 1093 3040 ἐπετί-

138 3082 227 3141 μων,
247 3051 331 3123 ἀλλά
343 3058 395 3124 σοὶ
406 3058 596 3144 ἐπέχαιρον,
619 3063 723 3144 δῆλον
734 3057 786 3124 ὅτι
795 3060 831 3125 ἐκ
843 3066 910 3124 των
920 3056 1032 3125 ἀλλων
1044 3047 1093 3142 ύν

50 3200 54 3207 -
139 3158 209 3238 ἐζης
226 3154 314 3233 ἀξιος
333 3153 446 3235 αὐτοῖς
462 3155 586 3236 ἐδόκεις
604 3156 688 3226 εἶναι
704 3164 767 3223 τού
786 3155 912 3224 τοιαῦτ’
940 3154 1092 3223 ἀκούειν·
1103 3161 1144 3214 55!

140 3249 267 3318 σαυτὸν
278 3246 341 3320 ούν
353 3255 573 3342 μετριωτερον
585 3260 684 3343 ἐχρῆν
695 3255 858 3341 παρέχειν,
872 3252 935 3322 ούκ
946 3257 1094 3332 ἐκείνους

78 3375 128 3429 135
139 3352 339 3436 διαβάλλειν.
374 3354 418 3421 σύ
437 3352 468 3422 δ’
488 3353 631 3431 ἀπειλεῖς
648 3361 766 3438 πᾶσιν,
788 3352 938 3431 ἐλαύνεις
950 3351 1092 3429 πάντας·

144 3447 224 3528 τούς
234 3448 355 3530 ἀλλους
365 3449 465 3531 ἀξιοῖς
477 3451 496 3520 ὅ
504 3479 536 3520 τι
554 3451 596 3519 σύ
611 3452 725 3539 βούλει
742 3465 893 3538 σκοπεῖν,
914 3452 977 3521 οὐκ
995 3448 1095 3529 αὐτὸς
