2370 3854
323 213 465 275 ΠΡΟΣ
487 211 780 273 ΛΕΠΤΙΝΗΝ.
984 213 1025 275 41

18 392 69 448 135
79 378 258 464 πατηκὲναι
268 370 347 450 τούς
358 368 489 457 ἀγαθόν
500 399 530 439 τι
541 370 749 459 ποιήσαντας.
778 369 900 459 ὅτιμὲν
910 381 1025 442 τοίνυν
1036 391 1087 445 498

78 480 177 542 τούτο
189 475 268 540 ἕντι
279 478 346 539 τῶν
364 477 508 556 αἰσχρῶν
526 474 593 538 ἐστι
613 470 738 549 πάντας
750 467 794 538 ύν
803 469 947 558 ήμούμαι
959 480 1025 558 φή-

79 593 150 657 σαι,
173 569 241 660 ὅσφ
260 568 292 637 θ’
304 567 384 656 ύμῖν
400 579 529 656 αῖσχιον
545 577 614 637 τῶν
632 569 743 638 ἄλλων
764 568 930 639 ύκούσατέ
948 597 1023 657 μου.

79 677 168 740 ἔστιν
189 665 270 789 ὑμῖν
292 669 395 787 νόμος
420 666 570 788 ἀρχαῖος,
604 677 672 736 τῶν
698 678 806 749 καλῶς
833 670 1025 738 δοκούντων

78 767 228 854 ἔχειν,”
204 794 248 834 αν
263 793 311 845 τις
327 763 555 853 ὑποσχόμενός
570 792 602 834 τι
618 765 678 834 τὸν
699 771 809 854 δῆμον
831 767 1025 888 ἐξαπατήσῃ,

79 873 217 952 κρίνειν,
240 861 402 955 κύνύλῷ,
423 864 719 985 θανύτφζημιούν.
753 864 811 933 εἶτ’
826 863 889 934 ούκ
911 892 931 931 α
932 865 1026 951 ἰσχύ-

79 964 170 1031 νεσθ’
173 956 587 1050 ,ύᾶνθρεςἉθηναῖοι,ε
573 960 661 1048 εῖέφ’
674 954 778 1054 φτοῖς
795 963 1028 1044 ύλλοιςθύνα-

78 1088 139 1130 τον
150 1068 268 1182 ζημίαν
278 1058 513 1146 ἐτύξατε,τούτ’
527 1059 622 1128 αύτοι
632 1070 805 1141 ποιοῦντες
817 1062 1027 1150 φανήσεσθε·
1018 1113 1028 1144 ,

79 1159 186 1229 καὶ
144 1187 212 1246 μην
223 1159 380 1247 πύνταμὲ
380 1187 401 1228 ν
412 1159 625 1248 εὐλαβεῖσθαι
637 1164 689 1227 θεῖ
696 1176 803 1230 ποιεῖν
813 1189 853 1228 τα
842 1161 1029 1231 δοκοῦντα

79 1263 134 1327 καὶ
145 1256 212 1326 ὅντ’
226 1257 360 1344 αἰσχροὶ,
383 1257 523 1344 μαλιστα
545 1259 581 1327 δὲ
601 1258 697 1326 ταῦτ’
709 1258 757 1345 ἐφ’
775 1255 824 1340 οἷς
840 1275 907 1340 τοῖς
918 1262 1029 1337 ἄλλοις

78 1365 230 1444 χαλεποῖς
240 1385 289 1436 τις
300 1362 385 1442 ἔχων
397 1355 528 1442 ὁρᾶται·
552 1353 630 1423 οὐδὲ
639 1356 703 1442 γὰρ
715 1355 956 1446 ἀμφισβήτησις
967 1383 1030 1424 κα-

79 1462 263 1522 ταλείπεται
274 1453 311 1520 τὸ
330 1452 373 1540 μή
392 1461 497 1521 ταύτα
508 1467 632 1536 ποιεῖν,
655 1451 816 1542 οἳπουηροὶ
828 1453 928 1535 αύτός
939 1461 1029 1542 ἔκρι-

80 1580 138 1621 νεν
150 1551 234 1620 εἶναι
245 1552 415 1638 πρότερον.

17 1670 69 1726 136
157 1650 225 1718 En
236 1647 383 1717 τοίνυν
363 1677 449 1737 υμας
460 1666 594 1720 κακεινο
613 1649 826 1739 εὐλαβεῖσθαι
849 1651 961 1737 θεῖ,’
940 1676 1030 1728 οπως

79 1741 222 1837 μηδὲν
194 1775 242 1816 ων
255 1752 321 1836 ἰδίη
334 1746 567 1834 φνλύξαισθ’”
545 1777 604 1834 αν,
621 1757 720 1817 τούτο
738 1755 878 1838 θημοσίμ
889 1738 1029 1817 ποιούν-

78 1875 131 1928 τες
153 1847 357 1935 φανήσεσθε.
394 1845 491 1971 ὑμῶν
511 1856 628 1917 τοίνυν
649 1843 758 1916 οὐδ’
737 1874 780 1915 αν
801 1843 846 1927 εἷς
863 1839 1009 1916 ούθὲν
981 1874 1029 1915 ων

80 1953 146 2036 ῖθίη
157 1975 222 2015 τινι
211 1949 319 2033 δοίη,
331 1945 423 2015 τοῦτ’
434 1945 590 2033 ἀφέλοιτο
603 1947 718 2032 πάλιν,
738 1945 807 2016 ἄλλ’
821 1944 925 2015 οὐδ”
909 1972 1029 2033 επιχει-

81 2044 211 2132 ρήσειεν
222 2044 273 2114 ἄν.
309 2044 353 2131 μὴ
365 2052 481 2114 τοίνυν
497 2046 580 2133 μηδὲ
598 2050 738 2134 δημοσίᾳ
748 2053 847 2112 τούτο
859 2045 1028 2131 ποιήσητε,

79 2143 161 2213 ἄλλα
174 2145 325 2228 κελεύετε
336 2145 475 2224 τούτους
485 2146 565 2224 τούς
576 2147 734 2228 ἐροῦντας
744 2143 827 2228 ὑπὲρ
838 2151 900 2210 τοῦ
911 2143 1028 2228 νόμον,

21 2264 69 2318 137
81 2254 112 2311 εῖ
120 2269 193 2310 τινα
204 2250 273 2310 τῶν
293 2240 486 2329 εὑρημένων
504 2244 566 2328 τήν
578 2240 708 2327 δωρεὰν
719 2241 857 2320 ἀνάξιον
868 2241 955 2309 εἶναί
963 2267 1030 2326 φα-
1124 2296 1127 2301 .

81 2337 166 2425 σινή
179 2339 222 2425 μή
235 2340 437 2424 πεποιηκότα
448 2338 497 2425 ἐφ’
512 2336 561 2417 οἷς
574 2338 688 2424 εὕρετο
702 2343 801 2422 ἔχειν,
824 2335 846 2423 ή
863 2338 943 2406 ἄλλο
961 2335 1031 2406 ὅτε·

82 2443 146 2503 ούν
157 2438 336 2519 ἐγκαλούσί
340 2460 414 2524 τινι,
427 2437 619 2524 γράφεσθαι
625 2433 709 2504 κατὰ
716 2434 776 2503 τὸν
782 2435 888 2521 νόμον
898 2433 937 2504 ὃν
944 2461 1031 2522 παρ-

82 2541 279 2620 εισφέρομεν
300 2543 366 2602 νύν
384 2533 491 2622 ἡμεῖς,
514 2535 537 2623 ή
558 2538 689 2604 θέντων
709 2533 822 2622 ἡμῶν,
844 2532 955 2620 ὥσπερ
975 2539 1030 2619 ἐγ-

81 2633 243 2720 γυούμεθα
254 2634 309 2701 καὶ
321 2637 431 2720 φαμὲν
441 2636 579 2722 θήσειν,
600 2630 624 2721 ή
644 2637 766 2714 θέντας
788 2632 926 2720 αύτούς,
949 2632 1031 2701 ὅταν

82 2740 215 2814 πρῶτον
225 2734 387 2818 γένωνται
409 2738 598 2821 νομοθέται.
631 2739 699 2800 ἔστι
716 2731 748 2800 δ’
762 2732 886 2823 ἑκάστῳ
908 2758 956 2810 τις
967 2730 1030 2799 αύ-

80 2840 148 2896 τῶν
157 2828 226 2915 ,ὡς
238 2835 353 2916 ἔοικεν,
366 2831 538 2924 ἐχθρὸς,
507 2842 555 2902 τύ
565 2834 627 2920 μὲν
635 2832 886 2922 Διόφαντος,
855 2837 902 2901 τύ
914 2831 944 2899 δ’
958 2830 1030 2899 Εύ-

22 2935 211 3015 ιςςβουλος,
233 2938 280 3018 τῷ
304 2929 335 2998 θ’
350 2941 430 3011 ῖσοις
442 2931 540 3011 αῖλος
550 2959 606 3011 τις
649 2938 679 2999 εἰ
688 2930 724 2999 δὲ
734 2957 833 2999 τουτο
851 2931 1030 3016 φεύξονται

80 3024 188 3113 καὶμὴ
202 3029 532 3118 ε’θελήσονσιποιεῖν,
557 3045 725 3115 σκοπεῖτε,
749 3057 775 3097 ω
761 3022 912 3148 ἄνδρες
929 3027 1029 3147 Ἀθη-

80 3140 184 3213 ναῖοι,
197 3133 341 3208 εἰκαῖος
352 3127 432 3216 υμῖν
443 3127 691 3216 ἔχει,ατουτων
702 3130 837 3206 εκαστος
851 3124 1090 3207 ὀκνεῖτούς499
1135 3125 1137 3129 ’

80 3178 255 3346 ἐχθρύύς’
235 3228 481 3312 αφαιρούμενος
493 3224 659 3314 ὀφθῆναι,
674 3223 803 3294 ταῦθ’
785 3251 871 3311 υμας
880 3249 960 3302 τους
971 3224 1029 3291 εύ-

81 3327 213 3409 ερμέτας
234 3321 468 3412 ἀφῃρημένους
489 3335 687 3413 φαίνεσθαι,
712 3327 767 3393 καὶ
786 3350 865 3404 τους
876 3351 915 3391 ευ
926 3351 958 3392 τι
969 3348 1029 3392 πε-

80 3421 259 3509 ποιηκύτας
269 3420 366 3511 ὑμᾶς,
377 3419 426 3504 οἷς
436 3422 545 3505 οὐδεὶς
556 3419 599 3493 div
611 3425 799 3510 ἐγκαλέσαι,
811 3422 905 3512 νόμφ
916 3420 956 3490 τὰ
970 3427 1028 3490 θο-
