2370 3854
123 229 163 290 78
323 234 394 289 xxl
438 230 857 294 ΔΗΜΟΣΘΕΝΟΤΣ

121 386 229 457 καὶ
192 414 255 475 την
271 385 504 477 ὑπερηφανίαν
521 385 636 457 αὑτοῦ.
668 396 726 476 της
742 387 808 478 χάρ
820 394 929 477 δίκης,
952 391 1076 482 ταύτης

120 479 238 575 λέγω
216 515 256 575 ης
266 485 409 556 ελλον’
368 486 487 572 αυτόν,
507 493 658 573 γίγνεταί
663 512 721 572 μοι
731 486 897 574 διαιτητὴς
908 490 1073 610 Στράτων

121 586 309 673 Φαληρεὺς,
333 584 512 669 ἅνθρωπος
530 587 631 671 πένης
647 588 709 671 μέν
729 612 778 664 τις
798 584 895 655 καθ’
875 588 1073 707 ἀπράγμων,

120 684 227 763 αλλως
246 683 276 752 δ
296 682 338 752 οὑ
355 681 518 771 πονηρός,
542 681 625 750 ἀλλά
644 686 699 750 καὶ
710 683 800 751 πάνυ
811 685 964 770 χρηστός·
988 685 1073 774 ὅπερ

120 782 180 851 τὸν
201 789 410 868 ταλαίπωρον
431 781 494 850 οὐκ
517 780 629 868 ὀρθῶς
649 779 728 850 οὐδὲ
745 784 895 867 δικαίως,
918 780 1074 852 ἀλλὰκαὶ

77 882 213 949 84πάνν
239 886 381 967 αἰσχρῶς
405 879 623 948 ἀπολοίλεκεν.
668 871 766 958 οὗτος
794 885 931 948 διαιτῶν
950 879 1073 968 ἡμίνό

121 979 292 1064 Στράτων,
299 978 411 1065 ἐπειδή
424 975 501 1046 ποθ’
511 973 624 1064 ἦκενὴ
635 983 744 1062 κυρία,
752 977 859 1047 πάντα
871 977 901 1047 δ’
913 980 976 1066 ἤδη
987 984 1074 1060 διεξ-

123 1075 279 1162 εληλύθει
290 1073 350 1143 τάκ
370 1083 438 1142 τῶν
446 1074 570 1160 νόμων,
587 1073 774 1163 ὑπωμοσίαι
781 1080 837 1144 καλ
846 1081 1072 1166 παραγραφαῖ,

121 1178 177 1242 καλ
196 1171 294 1243 οὐδέν
311 1172 358 1243 ἔτ’
375 1167 418 1261 ἦν
436 1172 640 1257 ὑπόλοιπον,
662 1172 699 1241 τό
712 1176 773 1261 μὲν
783 1183 918 1263 πρῶτον
929 1180 1075 1262 ἐπισχεῖν

122 1273 226 1343 ἐδεῖτό
237 1298 303 1360 μου
313 1271 374 1360 τὴν
385 1279 530 1358 δίαιταν,
547 1280 657 1343 ἔπειτα
669 1280 715 1351 είς
725 1272 787 1359 την
797 1271 976 1360 ὑστεραίαν
988 1273 1074 1343 ἀνα-

120 1375 298 1459 βαλέσθαι·
319 1374 356 1441 τὸ
367 1382 555 1443 τελευταῖον
566 1371 609 1459 δ’,
634 1370 678 1452 ῶς
695 1369 770 1439 οὔτ’
782 1370 846 1458 ἐμοὶ
857 1372 1073 1459 συνεχώρουν

122 1469 202 1539 οὔθ’
223 1464 321 1549 οὗτος
339 1470 484 1558 ἀπήντα,
507 1479 565 1556 τῆς
576 1469 608 1537 δ’
623 1469 712 1557 ῶρας
722 1466 862 1555 ἐγίγνετ’
875 1467 952 1554 ὀψέ,
974 1497 1073 1538 κατε-

69 1569 284 1657 «θόδηήτησεν.
317 1567 381 1653 ἤδη
399 1567 430 1635 δ’
450 1571 588 1653 ἑσπέρας
604 1567 706 1654 οὔσης
721 1568 777 1634 καὶ
795 1568 936 1647 σκότους
948 1574 1132 1654 έρχεταιςςς

120 1672 262 1746 Μειδίας
284 1663 400 1735 οὑτοσὶ
421 1665 504 1751 πρὸς
524 1665 561 1733 τό
583 1673 652 1733 τῶν
668 1663 840 1752 ἀρχόντων
859 1676 995 1754 οίκημα,
1017 1670 1073 1736 καὶ

119 1766 365 1854 καταλαμβάνει
380 1763 458 1844 τοὺς
475 1764 636 1849 ἄρχοντας
652 1763 796 1844 ἐξιόντας
810 1769 865 1833 καὶ
881 1763 942 1833 τόν
959 1766 1073 1851 Στρά-

120 1892 210 1933 τωνα
223 1863 353 1933 ἀπιόντ’
365 1863 445 1951 ἤδη,
463 1861 525 1948 τὴν
537 1868 660 1948 ἔρημον
671 1863 854 1950 δεδωκότα,
875 1861 919 1942 ῶς
928 1862 993 1946 ἐγώ
1005 1872 1073 1931 τῶν

120 1966 400 2049 παραγενομένων
410 1958 500 2039 τινός
511 1961 758 2049 ἐπυνθανόμην.
781 1966 818 2031 τὸ
831 1962 892 2047 μὲν
903 1955 967 2029 οὖν
979 1972 1073 2046 πρῶ-

120 2086 179 2128 τον
196 2058 267 2141 ολός
281 2059 314 2129 τ’
324 2054 369 2146 ἦν
381 2066 512 2128 πείθειν
523 2057 627 2128 αὑτὸν
637 2057 680 2146 ἣν
695 2061 972 2148 κατεδεδιῃτήκει,
989 2060 1069 2127 ταό-

120 2184 182 2244 την
193 2157 496 2246 ἀποδεδιῃτημένην
506 2155 724 2245 ἀποφαίνειν,
746 2162 800 2226 καὶ
822 2157 1072 2242 τοὺςάρχοντας

120 2259 363 2344 μεταγράφειν,
382 2260 437 2326 καὶ
446 2258 653 2346 πεντήκοντα
663 2255 809 2343 δραχμὰς
820 2254 933 2332 αὑτοῖς
943 2257 1069 2322 ἐδίδου·

78 2362 112 2418 86
123 2353 166 2435 ὡς
186 2354 216 2424 δ’
239 2358 473 2441 ἐδυσχέραινον
493 2349 587 2425 οὗτοι
602 2354 639 2424 τὸ
657 2363 790 2442 πρᾶγμα
806 2357 862 2424 καὶ
878 2355 1072 2438 οὐδετέρους

120 2460 271 2536 έπενθεν,
300 2453 479 2537 ἀπειλήσας
499 2457 554 2521 καὶ
577 2457 839 2538 διαλοιδορηθεὶς
860 2450 1018 2519 ἀπελθόν
1041 2458 1075 2516 τί

119 2565 222 2630 ποιεῖς
233 2552 288 2618 καὶ
299 2547 471 2618 θεάσασθε
482 2549 544 2635 τὴν
555 2551 768 2635 κακοήθειαν.
793 2549 854 2636 την
867 2550 928 2635 μὲν
943 2554 1071 2614 δίαιταν

119 2645 305 2735 ἀντιλαχων
317 2645 379 2716 οὑκ
390 2647 531 2736 όίμοσεν,
544 2645 618 2715 ἀλλ’
632 2657 720 2716 εἴασε
731 2644 807 2715 καθ’
820 2648 941 2714 ἑαυτοῦ
951 2651 1072 2729 κυρίαν

118 2752 294 2835 γενέσθαι,
328 2749 383 2815 καὶ
410 2744 581 2833 ἀνῶμοτος
599 2743 786 2831 ἀπηνέχθη·
808 2741 1013 2866 βουλόμενος
1035 2742 1071 2810 δὲ

118 2872 156 2916 το
146 2846 290 2933 μέλλον
298 2854 426 2931 λαθεῖν,
435 2843 632 2932 φυλάξας
596 2871 657 2930 την
670 2839 1072 2928 τελευταίανὴμέραντῶν

120 2937 1072 3111 διαιτῶν,[τηντρῠθαρχηλιῶνοςητοῦσκιροφοριῶνοςχι-

118 3048 347 3132 χνομένην],εί
346 3040 439 3130 ςηνὺ
448 3069 471 3130 μ
473 3035 602 3128 νηλθε
610 3065 677 3107 των
686 3033 894 3123 διαιτητων,ο
906 3035 933 3104 δ’
940 3028 1071 3121 οὑκηλ-

118 3153 178 3228 θε,
197 3139 355 3222 πείσας
321 3169 383 3212 τον
393 3163 646 3226 πρυτανευοντα
657 3133 821 3204 δουναι
785 3161 846 3222 την
858 3141 973 3221 ψηφον
982 3155 1072 3215 παρα

76 3262 110 3318 87
119 3266 245 3318 παντας
256 3265 334 3320 τους
343 3263 478 3326 νομονς,
486 3243 633 3321 κλητηρα
644 3230 738 3301 οὐδ”
722 3256 879 3306 οντινουν
888 3226 1074 3314 έπιχραψα

118 3364 227 3425 μενος,
238 3344 433 3425 κατηγορῶν
442 3340 576 3422 ἔρημον,
588 3331 726 3413 οὑδενδς
736 3330 910 3418 παρόντος,
922 3325 1073 3414 ἐκβάλλει

118 3439 173 3506 καὶ
190 3434 301 3521 ατιμοί
308 3461 368 3502 τον
381 3434 566 3521 διαιτητην·
588 3435 645 3502 καὶ
662 3439 728 3500 νῦν
738 3428 784 3511 εἷς
801 3428 1005 3515 Ἀθηναίων,
1023 3420 1074 3491 ότι
