2370 3854
353 262 496 323 ΚΑΤΑ
526 262 773 325 ΜΕΙΔΙΟΥ.
999 261 1043 324 53

82 432 177 507 “φιον
194 421 372 533 εῦρηται,ρι
352 418 445 529 ἆξιγῖς
460 419 505 528 μὴ
519 429 625 489 δοῦναι
635 418 759 507 δίκην.’]’
793 420 870 490 6566
883 419 1042 490 κάνταῦθα

88 509 297 611 πὲπρρικταγ
266 533 319 590 μεν
329 502 361 573 65
372 506 467 610 τύψαι
476 503 528 572 τδν
539 509 754 613 Δημοσθένην,
770 512 860 573 λείπει
871 504 941 574 55
912 535 945 574 το
956 511 1040 574 καλέ·

88 613 147 698 666
149 587 202 699 μὸν
213 587 485 699 αῦροχειροτύνητρν
495 589 630 675 χορηγόν.
665 587 680 656 5
665 618 750 699 γγιρ
761 594 905 697 Δημρσθέ
904 619 957 674 νης
968 595 1043 695 λέγει

88 673 147 741 566
163 701 289 779 γορηγον
300 672 436 777 ἔτυψας
455 671 515 741 οδδ
525 679 622 740 Μειδ
621 702 655 751 ας
665 700 711 741 οτι
739 700 865 759 χορηγον
877 671 1021 752 απλοος
987 702 1043 740 ουκ

83 749 664 868 “ἐ’τνψγι[αῦτογειροτόνητοςγγιρῆσθγη,
674 754 899 865 ιἰλλολΛημοσθί
894 785 954 862 γην
963 756 1044 824 ἰδιώ-

83 840 187 925 “την”
171 868 257 907 οντα·
269 868 310 947 66
292 841 348 907 δὲ
357 840 452 924 τύψαι
462 837 628 947 55665666’
595 869 650 946 6666
662 845 722 908 5666
732 843 879 946 δημόσιον
885 835 1042 944 ἆδίκημαῗ

91 932 212 1002 διπλοῦς
223 921 310 1025 55‘'
266 952 282 991 ο
293 952 361 1031 ορος
371 930 467 1029 είδογς
476 933 530 991 τοῦ
540 953 615 1029 κατα
604 922 784 1033 σύλληψιν.
808 951 884 991 κατα
872 921 1044 1027 σύλληψιν
1121 996 1122 1003 ¹

91 1013 124 1075 δέ
134 1006 259 1112 56666,
250 1007 322 1074 5666
337 1006 354 1075 5
375 1009 537 1112 κατήγορος
547 1006 603 1093 τὴν
614 1006 704 1075 65666
691 1014 917 1116 δικαιολογίαν
927 1001 1020 1074 καί
988 1035 1044 1112 την

90 1103 142 1159 τοῦ
154 1119 313 1196 φεύγοντος
324 1098 364 1169 εἰς
372 1099 407 1158 56
421 1090 610 1202 σνγαγοίγη·
613 1090 734 1159 ἔνθα
700 1121 758 1179 γαρ
769 1120 805 1159 ου
816 1119 849 1158 το
868 1095 922 1176 μὲν
938 1090 1043 1176 6666-

90 1186 133 1244 λει
143 1204 201 1258 τις,
212 1203 245 1241 το
234 1173 289 1242 δὲ
300 1179 426 1283 δίχεγαι,
445 1172 513 1241 ἄλλ’
526 1175 679 1264 αμφότερα
690 1186 844 1263 συγκροτεῖ
853 1204 904 1242 και
894 1179 1042 1258 συλλαμ-

91 1259 175 1371 55666
181 1308 191 1343 ,
202 1258 296 1366 τρύτοο
305 1257 496 1349 ῦπύγομεν
467 1288 508 1326 τοι
494 1265 596 1326 ειδει.
626 1265 760 1365 φαίνεται
771 1266 872 1365 τοίνυν
883 1264 915 1325 56
925 1268 1044 1334 πολλοῖς

91 1349 234 1429 μέρεσινο
223 1325 444 1453 ‘616666655666
454 1352 539 1408 τοῦτο
549 1353 644 1409 ποιῦν
655 1346 704 1410 καὶ
716 1342 841 1446 φάσκων
852 1342 913 1447 566
929 1370 967 1426 τῳ
955 1351 1043 1446 Δη-

92 1430 253 1530 μοσθένει
242 1428 292 1491 καὶ
303 1422 359 1509 τὴν
368 1424 457 1491 πόλιν
466 1423 555 1534 ῦβρίζ
538 1433 649 1505 ζ.εσθαι
681 1425 835 1529 κεφάλαια
840 1424 917 1492 5566
928 1434 964 1512 τῇ
975 1427 1043 1491 στα

93 1534 137 1577 σει
157 1507 354 1611 προσήκοντα.
396 1505 433 1575 65
450 1511 483 1574 δὲ
498 1515 637 1594 προοίμια
638 1507 867 1616 κατγιφορικδι,
878 1489 1044 1620 ύτγερβολην

94 1599 196 1702 ἕγοντα
207 1588 319 1698 πολλην
330 1596 431 1658 καλ
390 1620 450 1659 τοιν
459 1602 670 1699 περιστατικων
681 1592 832 1742 αυξησιν
838 1621 871 1660 το
883 1621 940 1680 γαρ
951 1591 1044 1678 “πρδς

94 1672 231 1785 5666666’
233 1672 363 1741 ''665
327 1704 364 1788 66
371 1673 455 1781 πρδς
473 1675 578 1784 ἕμὲ’
539 1703 642 1782 μονον
648 1673 776 1743 καλ“
715 1703 748 1744 το
782 1673 832 1743 565
833 1673 914 1780 τὴν
925 1679 1044 1760 μελέτην

93 1771 145 1846 τῆς
156 1757 277 1866 ἆτοπίογς
286 1762 337 1826 καὶ
346 1755 381 1826 ού
392 1755 465 1846 πρὸς
474 1760 552 1840 ῦπαξ
564 1758 642 1826 566'
606 1789 693 1866 τύχης
704 1758 892 1866 ημογρτηκόγα
905 1766 1043 1862 δείκνυμι.

147 1842 334 1954 Κεφάλαιγ
345 1846 377 1910 δὲ
388 1871 440 1910 του
427 1842 565 1950 λόγου
551 1848 607 1910 εἰσὶ
619 1854 725 1952 ταῦτα,
747 1843 830 1930 ῦρος,
848 1839 1043 1948 γινθορισμὸς,
1053 1855 1107 1910 516

94 1930 197 2036 γνούμη
207 1931 381 2011 νομοθέτου,
393 1924 600 2034 συλλγγρσμδς,
612 1930 787 2036 πηλικόγης,
798 1926 872 2014 πρός
881 1956 919 2010 τι,
931 1932 982 1994 καί
992 1931 1045 2011 μία

94 2023 153 2079 τῶν
171 2011 382 2115 ἆντιθεγικοῖν,
406 2009 477 2095 μεθ’
495 2041 540 2117 ην
555 2010 735 2116 ἐμπίπτει
707 2038 740 2118 εγ
761 2008 974 2120 μεταληπτικὸν
994 2012 1046 2076 καλ

95 2092 312 2201 νἰντιληπτικόν.
352 2098 483 2161 ἐνταῦθα
495 2092 545 2161 565
557 2094 706 2200 τεσσάρων
716 2095 821 2183 56666
810 2092 930 2202 ‘56666
942 2098 1045 2180 ἐμπλέ-

95 2207 139 2246 κει
148 2208 202 2287 666
212 2184 401 2284 κατηγορίαν,
414 2177 584 2284 δεικνύων
569 2205 613 2245 οτι
624 2185 749 2268 δημοσία
756 2184 886 2257 Μειδίας
895 2176 1044 2280 ηδίκησεγ.

95 2268 154 2329 5666
166 2258 220 2328 δὲ
208 2288 224 2327 ο
236 2271 349 2346 πρῶτος
360 2260 428 2366 ὅρος
439 2253 533 2364 οῦτγς,
546 2260 591 2327 566
602 2267 633 2326 οἱ
639 2265 671 2327 56
680 2245 764 2348 ἕορτη
773 2259 943 2409 ιἰδικοῦνγες
955 2259 1044 2363 5665-

95 2367 160 2410 σιον
171 2342 301 2426 ἀδίκημα
312 2352 437 2408 ποιοῦσι.
455 2341 615 2448 56566663‘'
598 2370 674 2448 ορος,
686 2348 736 2409 καλ
746 2342 913 2448 μύλγστγιί
882 2371 897 2410 ο
921 2340 1046 2454 χορηγὸν

95 2424 273 2502 ἀδικοῦντες.
306 2424 425 2510 τρίτος”
409 2452 485 2511 ορος,
497 2423 542 2492 566
552 2435 634 2491 πῦσα
643 2425 733 2532 ῦβρις
740 2425 882 2576 δημόσιγίν
892 2430 970 2494 56666
981 2428 1045 2494 666-

95 2538 183 2594 κημα.
205 2514 427 2615 παραλογίζεται
437 2511 469 2575 δὲ
479 2505 602 2575 ἑνταυθ
616 2512 710 2594 ἕκτης
721 2506 890 2595 ὁμωνυμίας
900 2509 1045 2599 τηςυβρε

96 2620 148 2698 γις·
171 2595 282 2702 5576666
291 2594 349 2699 6566
360 2590 476 2697 ῦβριςη
488 2589 749 2703 δι’ίαίσγρονργίας
759 2598 913 2701 γινομένη·
936 2599 1047 2681 λέγεται

94 2675 180 2781 ῦβρις
190 2679 241 2742 καὶ
251 2704 271 2759 η
258 2673 333 2742 διὰ
343 2675 448 2786 λόγοιν,
460 2679 596 2782 λέγεται
578 2679 669 2743 παλιν
677 2679 762 2763 ῦβρις
771 2677 846 2744 καλ
831 2706 850 2762 η
859 2676 908 2745 δεδι
883 2688 1046 2790 πληγῶν,

96 2760 236 2845 δημόσιον
247 2763 279 2825 δὲ
290 2755 447 2844 οἶδίκημοιε
432 2769 557 2846 ηγοῦντο
565 2787 620 2866 γην
628 2766 850 2868 αίσχρρυργίαν·
860 2770 909 2874 τῇ
906 2790 961 2828 ουν
969 2789 1046 2846 ομοο-

96 2850 186 2933 νυμίγ
196 2850 413 2953 παρελογίσατο.
432 2843 589 2952 65666609‘
573 2871 648 2952 ορος,
660 2843 705 2912 566
716 2843 731 2911 5
742 2844 855 2949 πγίντας
866 2845 911 2914 566
902 2843 1006 2933 ῦβρίζ
1006 2872 1047 2910 ων

97 2909 222 3035 δημοσία
234 2929 344 2994 ῦδικεῐ
366 2923 439 2992 εί
404 2955 462 3013 γαρ
479 2929 512 2994 65
531 2930 673 3038 56656666
687 2932 719 2995 566
733 2927 854 2995 πάντων
868 2935 1046 3010 συνίσταται,

97 3011 156 3096 566
168 2991 309 3114 56656666
295 3007 475 3120 τάδίκημα
498 3017 599 3095 τίθησι
611 3014 642 3077 55
657 3022 858 3117 στγερματικῦς
874 3016 906 3078 ἒν
919 3023 960 3101 663
964 3038 1046 3116 προ·

97 3099 183 3183 οιμίιγ
194 3089 262 3197 τρῦς
272 3097 407 3202 γε’τταρας
418 3121 516 3203 ορονς.
538 3099 589 3160 καλ
598 3099 631 3161 ἐκ
639 3095 751 3162 τούτων
759 3099 832 3162 εἰσίν
843 3099 874 3161 ἐν
885 3121 946 3174 τοις
955 3093 1048 3207 ἀγῶσι

97 3187 182 3263 τρεῖς,
193 3172 244 3242 τὸν
255 3179 288 3242 δὲ
297 3179 459 3282 65666666‘'
443 3204 513 3284 6666
524 3182 668 3285 τίθηγινέ
667 3209 685 3245 ν
695 3208 732 3268 τη
718 3178 930 3284 παρεκβῦσιι,
942 3208 993 3245 και
983 3183 1048 3245 δι-

97 3266 202 3338 καίοις
219 3257 354 3345 λεγοον
320 3289 378 3346 γαρ
387 3286 579 3365 οτιοπαντας
586 3259 672 3370 υβρ
672 3290 714 3331 οιν
725 3267 851 3372 δημοσία
862 3257 1048 3413 556666',6666·

97 3347 240 3451 εξὲρχεται
258 3339 396 3455 λέγων
369 3372 420 3411 τον
439 3343 581 3432 πρότερον
598 3344 689 3411 αῦτου
676 3351 779 3449 βίον.
812 3348 869 3430 εχει
884 3345 944 3413 δ
931 3375 948 3412 ο
964 3346 1049 3431 λογος

97 3420 184 3506 οῦτος
201 3425 256 3493 δύο
270 3432 418 3514 προοίμια.
455 3432 506 3494 καί
521 3425 694 3514 εἴληπται
666 3456 698 3495 το
712 3437 829 3518 πρῶτον
845 3435 999 3517 προοίμιον
1017 3432 1049 3494 ἐκ
