2370 3854
152 206 215 270 354
368 209 449 264 XXX.
471 204 892 264 ΔΗΜΟΣΘΕΝΟῬΣ

152 375 277 435 σασθαι
288 362 319 431 δ’
334 361 374 430 οὐ
387 362 587 449 δυνάμενος,
612 357 881 447 ἀποτιμήσασθαι
891 361 1033 447 φάσκων
1044 361 1107 450 τήν

152 473 220 550 γῆν
228 463 355 548 έξάγειν
365 461 402 548 μ’
414 465 445 541 ἐξ
457 459 558 546 αότής
569 459 743 546 ἐτόλμησε·
777 468 940 529 τοσοῦτον
956 464 1011 530 καί
1022 465 1108 547 ἐμοῦ

126 566 207 631 9καὶ
219 560 316 649 ὑμῶν
327 565 459 630 καὶτῶν
470 563 632 646 κειμένων
643 560 758 645 νόμων
769 560 1028 646 κατεφρόνησεν.
1052 563 1109 629 καὶ

152 661 191 728 τά
203 664 263 747 μὲν
274 661 455 748 γενόμενα,
478 660 533 726 καὶ
551 656 595 724 δι’
615 654 637 725 ὁ
650 658 767 743 φεύγει
782 655 844 743 τήν
856 661 952 744 δίκην
965 660 1108 744 καὶπερὶ

154 753 203 827 εὸν
213 770 319 828 οἴσετε
330 759 392 844 τήν
403 767 535 845 ηήφον,
550 753 643 824 ταῦτ’
658 759 762 841 ἐστὶν,
776 749 934 841 όάνδρες
945 760 1105 825 δικασταί·

153 860 333 943 παρέξομαι
346 857 382 925 δὲ
400 855 570 942 μάρτυρας
591 854 799 939 πρῶτονμὲν
818 853 923 922 αὐτόν
937 856 1107 943 Τιμοκρά-

153 984 229 1042 την,
254 954 299 1033 ὦς
316 952 530 1040 ὡμολόγησεν
546 949 736 1037 ὀφειλήσειν
752 951 814 1038 τήν
831 967 952 1038 προῖκα
972 954 1028 1021 καί
1046 949 1108 1020 τόν

153 1052 255 1122 τόκον
265 1052 424 1121 ἀπεδίδου
438 1060 496 1138 τής
514 1046 787 1140 προικὸςἈφόβφ
806 1048 890 1118 κατά
908 1050 967 1130 τάς
984 1047 1108 1137 ὁμολου

153 1159 244 1238 γίας,
267 1150 376 1221 ἔπειθ’
396 1148 440 1231 ὡς
459 1147 714 1234 αὐτός”Αφοβος
731 1145 892 1234 ὡμολόγει
914 1154 1108 1235 κομίζεσθαι

153 1250 213 1318 τόν
230 1251 330 1321 τόκον
344 1248 433 1334 παρά
447 1247 681 1336 Τιμοκράτους.
715 1254 774 1315 καί
786 1273 842 1333 μοι
854 1248 933 1333 λαβὲ
951 1245 1010 1326 τάς
1021 1274 1109 1334 μαρ-

155 1357 277 1435 τυρίας.

498 1496 760 1557 MAPTYPIAI.
835 1564 837 1569 ¹

115 1644 146 1692 10
235 1619 285 1698 Ἐξ
296 1617 397 1706 άρχής
408 1619 470 1705 μὲν
484 1626 599 1687 τοίνυν
612 1614 817 1704 ὁμολογεῖται
832 1615 876 1704 μή
891 1620 1035 1703 δοθῆναι
1046 1615 1110 1704 τήν

155 1732 275 1804 προίιια
295 1717 378 1802 μηδὲ
395 1718 553 1803 γενέσθαι
569 1717 689 1802 κόριον
707 1715 809 1802 αὐτῆς
818 1713 980 1802 Ἄφοβον.
1003 1719 1109 1801 δήλου

155 1820 190 1886 δέ
201 1820 256 1885 καί
267 1819 379 1883 ἐκτῶν
390 1816 528 1884 εἰκότων
538 1815 589 1885 ὅτι
599 1816 727 1884 τούτων
737 1811 817 1900 ἕνεχ’
830 1807 878 1883 οὸν
890 1825 1004 1902 είρηκα
1013 1813 1110 1902 όφεί-

155 1923 224 1982 λειυ
247 1917 373 1981 εἵλοντο
395 1921 523 1996 μάλλον
544 1910 566 1998 ή
588 1921 760 2000 καταμίξαι
776 1913 839 2000 τήν
855 1921 1033 2000 προίκαείς
1045 1914 1110 2001 τήν

155 2009 275 2078 οὐσίαν
286 2009 347 2095 τήν
356 2009 501 2097 Ἀφόβου
513 2009 576 2098 τήν
588 2010 676 2079 οὕτω
687 2013 1014 2100 κινδυνευθήσεσθαι
1027 2017 1109 2100 μέλ-

155 2120 291 2178 λουσαν.
314 2108 390 2177 οὔτε
411 2108 475 2197 γὰρ
497 2109 541 2178 δι’
564 2109 707 2196 άπορίαν
724 2107 840 2180 οἷόντ’
861 2118 964 2181 είπεῑν
982 2109 1026 2192 ός
1044 2110 1109 2181 οὐκ

156 2205 261 2286 εὐθὺς
272 2205 454 2277 ἀπέδοσαν·
469 2209 666 2296 Τιμοκράτει
675 2237 710 2278 τε
722 2210 786 2297 γάρ
797 2214 886 2279 ἐστιν
897 2209 994 2280 οὐσία
1005 2217 1108 2280 πλέον

154 2303 176 2392 ή
189 2309 267 2374 δέκα
276 2307 464 2394 ταλάντων,
474 2306 626 2394 Ὀνήτορί
633 2334 668 2376 τε
679 2312 781 2376 πλέον
791 2305 813 2395 ή
823 2311 1019 2395 τριάκοντα,
1033 2307 1165 2391 ὥστ’ςσρ

113 2430 144 2479 11
156 2404 217 2472 οὐκ
230 2401 273 2472 άν
287 2404 341 2473 διά
352 2406 452 2474 τοῦτό
469 2405 505 2492 γ’
523 2406 591 2474 εἶεν
606 2405 669 2475 οὐκ
688 2405 794 2485 εὐθὺς
811 2408 1004 2486 δεδωκότες·
1028 2405 1107 2475 οὔτε

155 2501 302 2588 κτήματα
313 2503 374 2589 μὲν
385 2496 557 2590 ήναότοίς,
566 2502 729 2591 ἀργύριον
740 2504 772 2573 δ’
780 2502 842 2572 οὐκ
854 2510 946 2590 ἔτυχε
959 2503 1106 2593 παρόν,ή

154 2599 240 2686 γυνή
254 2603 274 2666 δ
278 2597 286 2624 '
299 2598 443 2685 ἐχήρευε,
456 2598 507 2667 διό
519 2605 638 2686 πρᾶξαι
648 2600 740 2669 ταῦτ’
751 2601 958 2690 ἠπείχθησαν
968 2600 1028 2690 οὐχ
1039 2602 1109 2690 ἅμα

154 2697 216 2782 τήν
227 2712 347 2783 προῖκα
359 2697 516 2776 διδόντες.
536 2697 700 2784 άργόριόν
712 2725 746 2766 τε
758 2698 822 2784 γάρ
833 2692 926 2768 οὗτοι
938 2704 1108 2782 δανείζου-

156 2814 211 2861 σιν
222 2794 334 2872 ἅλλοις
344 2792 405 2861 οὐκ
419 2793 549 2880 ὀλίγον,
572 2798 799 2865 συνοικοῦσάν
815 2824 850 2865 τε
861 2801 1007 2885 ταύτην,
1029 2797 1104 2868 ἄλλ’

157 2889 198 2957 οὐ
219 2890 430 2977 χηρεύουσαν
457 2888 547 2979 παρά
573 2892 800 2981 Τιμοκράτους
824 2898 995 2982 ἐξέδοσαν,
1024 2893 1107 2965 ὥστ’

155 2987 231 3057 οὐδ’
245 2984 289 3056 άν
300 2990 425 3075 ταύτην
434 2987 498 3076 τήν
509 2999 633 3079 σκῆψιν
650 2993 782 3071 εἰκότως
799 2993 911 3062 αὐτόν
920 3022 969 3074 τις
984 2993 1109 3065 άποδέ-

112 3107 146 3160 Π
157 3094 253 3168 ξαιτο.
277 3089 332 3156 καὶ
342 3090 403 3174 μὲν
415 3085 467 3174 δή,
479 3081 507 3156 ως
517 3088 637 3176 άνδρες
649 3092 807 3176 δικασταὶ,
820 3089 953 3160 κάκείνο
963 3092 1009 3160 άυ
1019 3095 1109 3162 πάν-
1176 3100 1181 3181 j

156 3212 209 3266 τες
223 3184 477 3274 ὁμολογήσαιτε,
505 3185 558 3256 ότι
569 3197 699 3257 τοιοῦτο
718 3197 853 3275 πρᾶγμα
870 3189 1108 3261 συναλλάττων

157 3281 314 3352 ὁστισοῦν
329 3282 429 3353 ἕλοιτ’
444 3280 487 3353 άν
500 3289 599 3377 ἑτέρφ
615 3296 743 3374 μᾶλλον
760 3285 907 3371 ὀφείλειν
923 3282 946 3374 ή
963 3291 1108 3377 κηδεστῇ

149 3378 215 3462 τήν
224 3396 349 3464 προῖκα
358 3387 405 3470 μή
421 3382 615 3453 ἀποδοῦναι.
644 3385 689 3474 μή
707 3387 946 3472 διαλυσάμενος
961 3386 1023 3471 μὲν
1040 3385 1108 3472 γάρ
