2370 3854
267 233 415 294 ΚΑΤΑ
434 232 895 298 ΑΡΙΣΤΟΚΡΑΤΟΤΣ.
987 233 1048 298 205

99 401 132 464 εί
140 390 280 481 δεῖμετά
298 397 482 482 παρρησίας
499 397 604 466 εἰπεῖν
620 389 767 480 τάληδή,
789 392 925 475 οὐδένες
940 394 1048 484 ὑμῶν,

100 486 128 564 οδ
139 493 260 580 άνδρες
267 491 448 580 Ἀθηναῖοι,
460 490 590 578 μάλλάν
601 497 685 567 είσιν
694 501 802 561 αίτιοι.
831 491 910 563 οὐδὲ
921 495 985 583 γάρ
998 500 1051 564 δί-

99 620 164 680 κην
174 600 222 662 ἔτι
232 591 415 685 λαμβάνειν
425 595 555 660 ἐθέλετε
566 589 655 678 παρά
668 600 736 661 τῶν
747 589 971 680 άδικοάντων,
988 593 1050 663 άλ-

99 689 140 764 λά
152 688 311 760 καλτοῶτ’
325 690 524 777 ἐξελήλυθεν
544 692 581 759 έκ
597 699 655 778 τῆς
672 691 808 772 πόλεως.
843 700 950 764 καίτοι
971 696 1050 762 σκέ-

99 798 211 872 ψασθε
224 787 269 867 ῶς
279 786 436 869 ἐκόλαζον
447 791 481 861 oc
491 789 654 875 πρόγονοι
665 787 745 870 τούς
757 787 959 873 ἀδικοῦντας
970 791 1047 859 έαυ-

36 899 90 952 205
99 886 194 975 τοὺς,
213 894 244 956 εί
259 893 494 974 παραπλησίως
509 885 598 976 ὑμῖν.
630 891 748 958 έκεῖνοι
759 892 979 977 Θεμιστοκλέα
990 895 1050 957 λοι-

99 986 215 1074 βόντες
231 990 343 1071 μεῖζον
359 983 474 1054 αὐτῶν
494 984 651 1067 άξιοῦνεα
674 1003 813 1076 φρονεῖν
835 987 998 1076 ἐξήλασαν
1014 989 1050 1054 έκ

99 1096 157 1174 τής
173 1085 301 1163 πόλεως
317 1086 373 1152 καὶ
389 1085 555 1172 μηδισμὸν
571 1087 799 1173 κατέγνωσαν·
827 1089 882 1156 καὶ
899 1093 1049 1174 Κίμωνα,

100 1183 152 1254 ὅτι
162 1181 225 1272 τήν
235 1189 375 1269 Παρίων
385 1189 577 1271 μετεκίνησε
586 1190 754 1254 πολιτείαν
766 1182 814 1271 ἐφ’
828 1188 950 1253 έαυτοῶ
957 1237 967 1270 ,
986 1210 1052 1252 πα-

101 1281 144 1370 ρὰ
161 1295 247 1365 τρεῖς
264 1280 326 1369 μέν
341 1279 485 1368 άφελσαν
501 1281 651 1368 ψήφους,
674 1280 711 1352 τά
723 1282 767 1370 μή
781 1285 919 1376 θανάτφ
932 1291 1052 1372 ζημιῶ-

102 1402 168 1467 σαι,
179 1382 388 1468 πεντήκοντα
409 1384 446 1450 δέ
466 1380 611 1454 τάλαντα
632 1383 820 1468 ἐξέπραξαν.
855 1385 910 1451 καὶ
931 1391 1053 1450 τοῦτον

101 1479 161 1548 τὸν
181 1481 308 1564 τρόπον
328 1483 576 1567 προσεφέροντο
597 1480 771 1568 τηλικαῦτ’
794 1477 918 1560 αὐτοὺς
938 1477 1052 1566 άγαῶά

102 1584 326 1668 εἰργασμένοις
353 1578 554 1665 άνδροέποις.
604 1584 751 1659 δικαίως·
784 1579 827 1649 οά
854 1578 920 1667 γάρ
942 1578 1113 1658 αὐτοῖς689

102 1676 204 1748 άπεδί
189 1684 300 1749 ίδοντο
316 1678 380 1768 τήν
390 1677 504 1754 αὐτῶν
522 1683 718 1767 ἐλευθερίαν
729 1680 783 1748 καλ
805 1685 1053 1766 μεγαλοψυχίαν
1110 1708 1117 1721 ’

100 1786 168 1849 τῶν
179 1783 303 1867 έργωυ,
315 1775 753 1867 άλλάχρηστοδςμένὸντας
765 1781 814 1854 έτί
799 1784 901 1864 ίμων,
925 1775 1053 1847 άδικεῖυ

39 1876 133 1947 τοῦδ’
152 1882 375 1967 ἐπιχειροῦσιν
395 1876 459 1948 οάκ
480 1881 671 1964 ἐπέτρεπον.
705 1873 797 1964 ὑμεῖς
818 1868 911 1964 δ’,
883 1904 910 1954 ω
932 1877 1052 1964 ἄνδρες

99 1975 283 2064 Ἀθηναῖοι,
305 1978 384 2057 τούς
405 1978 446 2052 τά
467 1976 588 2065 μέγιστ’
605 1977 804 2056 άδικοῦνοας
822 1979 878 2047 καὶ
899 1984 1053 2064 φανερῶς

102 2073 430 2167 έξελεγχομένονς,”
408 2104 451 2146 αν
468 2073 541 2146 &w
518 2104 539 2164 η
552 2078 615 2146 δάο
631 2074 743 2146 άστελα
759 2086 876 2146 εἴπωσι
891 2078 946 2144 καὶ
962 2072 1052 2162 παρὰ

102 2182 171 2243 τῶν
202 2182 358 2261 φυλετῶν
389 2173 524 2255 τινες
508 2178 667 2264 ηρημένοι
694 2175 847 2246 σύνδικοι
873 2179 1052 2260 δεηθῶσιν,

103 2271 232 2359 άφίετε·
254 2271 315 2340 έάν
326 2273 365 2340 δέ
376 2273 432 2340 καὶ
441 2272 721 2358 καταψηφίσησθέ
730 2297 807 2355 του,
825 2274 922 2340 πέντε
938 2273 994 2338 καὶ
1005 2281 1054 2340 εἰ·

103 2391 178 2438 κοσι
191 2374 347 2455 δραχμῶν
358 2367 539 2456 ἐτιμήσατε.
569 2370 625 2437 καλ
634 2367 699 2454 γάρ
711 2391 764 2439 τοι
781 2366 855 2439 τότε
873 2366 913 2436 τά
924 2367 986 2455 μὲν
995 2375 1053 2454 τῆς

103 2467 231 2547 πόλεως
239 2461 284 2555 ήυ
295 2465 423 2554 εὔπορα
432 2469 488 2539 καὶ
499 2466 798 2556 λαμπράδημοσίμ,
816 2471 884 2558 ίδίᾳ
896 2468 931 2537 δέ
944 2466 1054 2549 οὐδεὶς

39 2585 92 2642 207
103 2566 252 2656 ὑπερεῖχε
268 2575 338 2638 τῶν
354 2575 496 2638 πολλῶν.
530 2567 708 2656 τεκμήριον
731 2570 782 2635 δέ·
811 2564 876 2654 τήν
892 2575 1054 2654 Θεμιστο-

102 2669 220 2747 κλέους
230 2667 292 2755 μλν
304 2673 413 2736 οίκίαν
434 2669 489 2736 καὶ
504 2667 695 2736 Μιλτιάδου
715 2667 772 2734 καὶ
792 2672 861 2733 τῶν
876 2664 952 2734 τότε
968 2673 1054 2752 λαμ-

101 2773 207 2852 πρῶν,
220 2776 254 2834 εί
259 2794 308 2847 τις
317 2765 384 2853 άρα
393 2763 491 2854 ὑμῶν
502 2767 592 2836 οἶδεν
602 2764 701 2836 ὁποία
712 2763 786 2834 ποτ’
800 2768 898 2850 ἐστὶν,
911 2763 975 2855 δρᾷ
986 2772 1055 2833 τῶν

102 2871 237 2932 πολλῶν
254 2862 355 2939 οὐδὲν
372 2869 576 2955 σεμνοτέραν
586 2859 704 2950 οὖσαν,
725 2864 766 2935 τά
789 2865 825 2937 δέ
845 2873 905 2953 τής
926 2863 1055 2946 πόλεως
1166 2949 1171 2957 .

101 2963 346 3050 οίκοδομήματα
356 2966 411 3032 καὶ
422 2965 716 3051 κατασκευάσματα
725 2972 905 3050 τηλικαῦτα
917 2965 972 3034 καὶ
983 2988 1054 3032 τοι-

101 3066 187 3128 αῦτα
206 3058 291 3130 ὥστε
312 3065 429 3150 μηδενὶ
440 3071 509 3133 τῶν
520 3064 783 3150 ἐπιγιγνομένων
794 3060 986 3147 ὑπερβολήν
996 3069 1052 3129 λε-
1161 3054 1164 3059 ’

101 3170 249 3247 λεῖφθαι,
262 3162 452 3249 προπύλαια
462 3170 577 3247 ταῦτα,
590 3160 780 3244 νεώσοικοι,
793 3159 904 3242 στοαὶ,
914 3165 1052 3244 Πειραν

41 3258 169 3348 εοςεύς,
182 3258 286 3330 τάλλα
297 3258 346 3341 οές
356 3264 664 3348 κατεσκευασμένην
675 3259 772 3344 ὁρᾶτε
783 3256 846 3346 τήν
857 3257 964 3327 πόλιν.
986 3265 1055 3326 νῦν

102 3356 133 3426 δ’
147 3363 215 3450 ἰδίᾳ
226 3361 287 3445 μὲν
299 3359 427 3450 έκάστφ
438 3369 507 3436 τῶν
517 3356 557 3429 τά
569 3355 666 3429 κοινά
677 3356 892 3443 πραττόντων
906 3356 1052 3444 τοσαάτη

101 3464 274 3545 περιουσία
295 3461 386 3528 ἐστὶν
404 3457 489 3529 ῶστε
505 3459 591 3540 τινές
607 3451 794 3546 μέναάτῶν
804 3462 937 3525 πολλῶν
949 3460 1054 3542 δημο-
