2370 3854
336 205 476 268 ΠΡΟΣ
495 206 794 269 ΦΟΡΜΙΩΝΑ.
977 209 1040 274 397

89 392 128 453 γε
143 372 283 435 τοσοῦτο
302 372 441 451 χρυσίον
458 362 677 453 ἀποδιδόντα,
709 367 767 436 καὶ
782 370 885 436 πλέον
900 377 963 439 τού
979 374 1038 439 δα-

91 471 280 552 νείσματος,
294 463 494 550 περιβόητον
505 478 614 532 ποιειν
623 465 662 532 ἐν
671 471 719 553 τῷ
728 468 891 557 ἐμπορίῳ,
908 471 964 536 καὶ
975 493 1041 537 πα-
1166 534 1172 543 ,

91 571 246 648 ρακαλείν
265 562 391 641 πάντας
407 559 627 649 ἀνθρώπους,
650 571 784 645 πρῶτον
801 568 838 630 δὲ
856 561 919 631 τδν
939 571 1041 636 παῖδα

45 659 150 741 ρρτδν
160 660 350 728 τούτουκαὶ
360 657 421 729 τὸν
432 659 615 728 κοινωνόν·
636 670 705 729 ίστε
721 659 786 746 γάρ
799 661 909 748 δήπου
919 665 1041 745 πάντες

89 759 140 828 ὅτι
163 764 367 840 δανείζονται
388 762 450 844 μὲν
469 755 536 843 μετ’
548 754 671 843 ὀλίγων
686 759 883 847 μαρτύρων,
905 759 988 831 ὅταν
1004 763 1038 831 δ’
1146 766 1149 771 ’

89 856 281 946 ἀποδιδῶσι,
294 858 438 936 πολλοὺς
448 864 666 942 παρίστανται
681 858 868 946 μάρτυρας,
885 858 926 928 ἵν’
938 864 1041 930 ἐπιειρ

89 973 157 1037 κεῖς
174 963 320 1025 δοκοόσιν
336 956 420 1024 εἶναι
436 959 512 1041 περὶ
528 954 568 1023 τά
585 957 782 1044 συμβόλαια.
812 957 908 1027 παλδ’
921 958 1102 1031 ἀποδι-916

90 1055 182 1125 δόντι
192 1055 231 1124 τό
239 1081 274 1122 τε
282 1055 416 1122 δάνεων
425 1057 480 1123 καὶ
491 1053 922 1143 τούςτόκουςάμφοτέρους,
931 1060 1041 1145 ἕτερο-

89 1155 181 1244 πλόῳ
191 1161 237 1245 τῷ
248 1151 397 1243 ἀργυρίῳ
411 1156 611 1244 κεχρημένῳ,
629 1156 684 1222 καί
706 1158 920 1242 προστιθέντι
932 1159 1042 1243 ἐτέρας

87 1269 174 1340 τρεῖς
184 1258 324 1324 καίδὲκα
335 1260 429 1341 μνᾶς,
437 1261 507 1332 πῶς
517 1251 590 1338 ούχὶ
600 1254 745 1333 πολλούς
754 1247 798 1341 ήν
808 1260 1041 1342 παραληπτέον

87 1357 276 1441 μάρτυρας;
298 1355 354 1421 καὶ
364 1359 394 1420 εί
402 1349 488 1420 τοῦτ’
501 1357 660 1440 ἔπραξας,
679 1351 753 1421 οὐδ’
768 1350 868 1435 ἀνείς
880 1364 1040 1443 οοῦμάλ-

44 1480 77 1534 31
89 1462 149 1522 λον
166 1460 234 1520 τῶν
250 1451 421 1519 πλεόντων
438 1452 652 1537 ἐθαυμάζετο.
685 1449 729 1519 σύ
747 1451 780 1519 δ’
793 1449 867 1521 ἀντὶ
882 1461 943 1520 τού
954 1462 1039 1521 πολ·
1164 1478 1170 1487 ’

89 1553 169 1632 λούς
178 1552 348 1639 μάρτυρας
364 1551 494 1620 τούτων
511 1561 680 1619 ποιεῖσθαι
697 1552 823 1630 πάντας
835 1549 1039 1636 ἀνθρώπους

88 1652 271 1720 λανθάνειν
290 1654 425 1735 ἐπειρῶ,
443 1649 553 1737 ὥσπερ
572 1646 700 1717 ἀδικῶν
715 1677 755 1718 τι.
790 1653 845 1720 καὶ
856 1657 886 1720 εί
895 1651 956 1739 μὲν
967 1653 1039 1738 ἐμοὶ

87 1758 133 1842 τῷ
146 1755 335 1819 δανείσαντι
349 1748 543 1835 ἀπεδίδους,
559 1747 660 1818 ούδδυ
678 1753 744 1818 ἔδει
761 1750 956 1837 μαρτύρων·
976 1748 1039 1836 τήν

87 1849 152 1935 γάρ
164 1847 365 1937 συγγραφήν
382 1846 582 1934 ἀνελόμενος
598 1844 766 1935 ἀπήλλαξο
778 1843 822 1915 ἀν
838 1855 900 1916 τού
911 1854 1040 1935 συμβο-

87 1955 200 2017 λαίου·
223 1957 289 2016 νύν
302 1947 332 2016 δ’
347 1945 410 2016 ούα
422 1951 509 2034 ἐμοὶ,
529 1945 598 2016 ἀλλ’
611 1949 711 2036 ἑτέρῳ
728 1945 811 2035 ὑπὲρ
828 1949 911 2034 ἐμοῦ
918 1944 1039 2015 ἀποδι-

88 2047 183 2135 δούς,
206 2051 261 2116 καί
277 2046 340 2116 ούκ
356 2045 554 2134 Ἀθήνησιν,
579 2045 647 2114 ἀλλ’
661 2051 699 2116 ἐυ
708 2046 888 2134 Βοσπόρῳ,
909 2048 1039 2129 καὶτῆς

87 2155 284 2232 συγγραφῆς
295 2167 349 2213 σοι
361 2149 513 2230 κειμένης
520 2143 683 2229 Ἀθήνησι
693 2147 748 2211 καὶ
760 2142 845 2226 πρδς
854 2146 928 2229 ἐμὲ,
946 2132 1040 2230 καλῷ
1158 2134 1161 2139 ’

86 2243 123 2310 τὸ
141 2249 279 2327 χρυσίον
295 2240 474 2318 ἀπεδίδους
488 2241 585 2320 ὄντος
604 2248 737 2326 θνητοῦ
753 2243 809 2308 καὶ
824 2245 965 2326 πέλαγος
982 2266 1040 2307 το-

87 2348 211 2408 σούτου
221 2343 399 2425 μέλλοντος
409 2346 514 2424 πλεῑυ,
526 2339 679 2424 μάρτυρα
691 2336 799 2408 οὐδέν’
811 2341 966 2426 ἐποιήσω,
977 2338 1040 2407 ού-

43 2468 78 2519 32
87 2464 122 2506 τε
134 2444 257 2506 δοῦλον
269 2435 339 2506 οὔτ’
350 2437 543 2520 ἐλεύθερον.
568 2435 589 2523 ή
601 2435 666 2524 γάρ
678 2438 857 2527 συγγραφή
867 2465 924 2526 με,
946 2438 1046 2525 ηι-ηδδ,Υ

86 2545 134 2626 τῷ
151 2537 329 2626 ναυκλήρῳ
347 2539 498 2604 ἐκέλευεν
516 2533 702 2604 ἀποδοῦναι
717 2538 754 2605 τὸ
771 2546 918 2624 χρυσίον.
951 2536 1041 2622 μάρ-

87 2663 190 2724 τυρας
206 2639 244 2705 δέ
260 2661 311 2704 τοι
327 2631 389 2703 ούκ
409 2636 534 2703 ἐκώλυε
545 2643 766 2721 παρακαλεῖν,
789 2633 867 2703 οὐδὲ
888 2631 946 2711 τάς
967 2636 1041 2700 ἐπι-
1150 2638 1157 2645 ’

88 2735 208 2816 στολάς
224 2736 420 2804 ἀποδοῦναι.
442 2738 498 2803 καὶ
512 2738 581 2805 οἵδε
597 2735 658 2822 μὲν
669 2733 753 2820 πρὸς
769 2733 806 2801 σὲ
817 2732 879 2799 δύο
890 2750 1040 2817 συγγρα·

88 2837 154 2921 φάς
172 2836 370 2922 ἐποιήσαντο
388 2833 472 2918 ύπέρ
489 2844 552 2904 τού
570 2841 791 2922 συμβολαίου,
815 2828 860 2911 οἱς
877 2827 920 2899 ἀν
932 2833 967 2898 οί
975 2829 1041 2916 μά-

87 2933 172 3003 λιστ’
186 2934 418 3014 ἀπιστοῦντες·
437 2937 479 3002 σύ
498 2934 534 3003 δέ
551 2935 655 3020 μόνος
670 2932 761 3021 μόνῳ
779 2927 845 3019 φής
863 2933 982 2998 δοῦναι
992 2934 1040 3016 τῷ
1158 2939 1161 2943 ’

87 3035 265 3122 ναυκλήρῳ
276 3035 313 3102 τὸ
325 3041 474 3122 χρυσίον,
490 3033 584 3112 είδώς
595 3033 679 3101 κατὰ
692 3039 756 3099 σού
766 3033 923 3113 κειμένην
935 3024 1040 3111 Ἀθή-

87 3154 164 3219 νησι
174 3133 375 3220 συγγραφήν
386 3133 468 3218 πρὸς
478 3140 607 3199 τοῦτον.

44 3256 80 3312 33
171 3236 268 3316 Λέγει
285 3229 316 3298 δ’
332 3231 376 3312 ὡς
393 3230 413 3318 ή
433 3228 608 3317 συγγραφή
626 3235 789 3314 σωθείσης
807 3233 865 3313 τής
882 3220 966 3301 νειδς
977 3219 1038 3289 αύ-

88 3330 148 3398 τδν
159 3328 346 3398 ἀποδοῦναι
358 3328 485 3398 κελεύει
496 3326 536 3397 τά
546 3329 704 3416 χρήματα.
735 3327 789 3395 καὶ
800 3326 865 3411 γάρ
877 3325 1040 3390 ἐνθέσθαι

89 3427 322 3514 τάγοράσματα
334 3433 379 3506 είς
391 3425 453 3514 τήν
464 3435 553 3495 ναῦν
563 3425 690 3493 κελεύει
700 3447 748 3513 σε,
761 3430 791 3492 εί
802 3422 836 3491 δὲ
847 3421 903 3510 μή,
916 3445 1040 3489 πεντα-
