2370 3854
127 241 170 305 90
348 244 420 301 xx1.
452 238 874 303 ΔΗΜΟΣΘΕΝΟῬΣ

135 399 344 481 νεσθαιτοὸς
354 397 476 480 ἀδίκως
486 395 542 486 ἐφ’
557 395 663 468 αὑτὸν
673 400 836 480 ἐλθόντας
845 399 923 488 χρὴ,
940 404 996 472 ιιαλ
1006 402 1088 488 τότ’,

15 570 18 575 ,
134 495 179 570 δν
193 497 373 568 ἀδικοῦντα
390 496 453 587 ὁρᾷ
465 524 530 582 τις,
552 495 593 565 ού
613 498 895 585 προαναρπάζειν,
918 496 993 568 οὐδ’
1006 499 1090 568 ἐπά-

134 595 229 684 γοντ’
244 602 347 676 αἰτίας
358 597 491 679 ψευδεῖς
501 595 640 684 ἄκριτον
651 601 758 684 ζητεῖν
768 597 973 685 ἀποφεύγειν
979 651 989 686 ,
1012 597 1088 668 οὐδ’

134 693 187 765 ἐπὶ
196 704 243 786 τῷ
254 696 384 765 διδόναι
396 699 492 782 δίκην
503 691 696 780 ἀσχάλλειν,
713 693 797 765 άλλά
808 695 852 784 μη
865 700 1015 780 ποιείνέξ
1026 695 1090 783 άμ-

134 802 192 881 χῆς
203 791 337 879 άσελγδς
349 797 461 880 μηδέν.

75 914 125 968 126
211 891 294 960 Ὅσα
302 893 489 978 μὲντοίνυν
499 901 546 971 είς
555 917 590 959 τε
600 889 882 979 τὴνλειτουργίαν
892 895 947 962 καί
957 891 994 962 τό
1006 892 1088 980 σῶμ’
1143 885 1145 889 ’

134 989 323 1081 ῦβρίσθην,
344 991 401 1058 καί
411 989 506 1058 πάντ’
516 991 814 1078 ἐπιβουλευόμενος
823 991 948 1079 τρόπον
956 996 1011 1061 καὶ
1022 993 1088 1060 πά-

135 1082 1150 1179 σχωναακάςέιιπέφευγα,άαηιιόατε,άάνδρεςἈθηναίυι,556

134 1190 190 1258 καὶ
208 1195 399 1273 παραλείπω
417 1187 453 1256 δὲ
470 1189 592 1257 πολλά·
616 1187 657 1256 ού
673 1187 738 1275 γάρ
756 1199 835 1268 ἴσως
850 1190 969 1280 ῥᾴδιον
987 1188 1086 1258 πάντ’

136 1295 250 1356 εἰπεῖν.
281 1292 346 1374 ἔχει
363 1285 396 1355 δ’
416 1285 530 1367 οὕτως.
566 1285 629 1356 οῦκ
645 1285 721 1355 ἔσθ’
735 1285 789 1374 ἐφ’
802 1287 868 1379 ότμ
878 1296 949 1357 νῦν
959 1311 1088 1375 πεπρα-

135 1390 268 1472 γμένων
286 1385 352 1471 ε’γοὸ
361 1385 463 1472 μόνος
472 1383 645 1474 ἠδίκημαι,
671 1384 745 1456 ἄλλ’
759 1386 960 1474 ἕπδμδντοῑς
971 1393 1017 1467 είς
1027 1385 1088 1454 τόν

134 1483 237 1572 χορόν
252 1487 484 1571 γεγενημένοις
501 1482 736 1572 άδιαήμασινὴ
759 1485 866 1572 φυλὴ,
888 1484 925 1552 τὸ
948 1488 1089 1554 δέκατον

134 1587 233 1671 μέρος
248 1581 359 1669 ὁμῦν,
382 1587 613 1670 συνηδίκηται,
635 1585 688 1652 ἐπὶ
705 1580 739 1650 δ’
759 1581 809 1663 οἷς
824 1585 881 1670 ἐμὲ
898 1583 1016 1671 ὕβρισε
1032 1587 1089 1654 ιιαί

134 1679 379 1770 ἐπεβούλευσεν
389 1685 424 1749 οί
431 1681 547 1767 νόμοι,
569 1679 615 1748 δι’
633 1679 693 1759 οῦς
710 1677 903 1762 εἶςὲιιαστος
914 1680 1089 1768 ύμιινσοδς

135 1785 239 1851 ἐστίν·
257 1777 419 1866 ἐφ’άπασι
430 1779 465 1848 δὲ
476 1772 1090 1870 τούτοιςὁθεὸς,ρὸηορηγὸςέγύιιαθ-

136 1878 315 1966 ειστηκειν,
327 1881 383 1944 καί
392 1875 430 1944 τό
442 1884 500 1963 τῆς
510 1877 617 1965 ὁσίας,
630 1875 797 1966 ὁτιδήποτ’
813 1883 895 1963 ἐστὶ,
912 1881 950 1949 τὸ
963 1879 1089 1967 σεμνόν

73 2009 124 2064 127
134 1980 189 2047 καὶ
201 1973 241 2043 τὸ
252 1972 441 2060 δαιμόνων,
453 1979 678 2063 συνηδίκηται.
711 1982 764 2045 δεί
773 1977 814 2063 δὴ
824 1980 903 2056 τούς
912 2005 951 2065 γε
961 1987 1087 2067 βουλο-

134 2077 256 2163 μένους
267 2071 535 2160 ὁρθοῖςτὴυπατ’
553 2074 726 2156 άξίανταόν
736 2079 978 2162 πεπραγμένων
994 2076 1085 2163 παρά

134 2175 257 2244 τούτου
279 2179 375 2260 δίκην
396 2181 511 2262 λαβεῖν
527 2173 588 2262 οὐχ
606 2172 651 2255 ὁς
665 2171 751 2261 ὑπὲρ
767 2177 849 2261 ἐμοῦ
867 2173 963 2254 όντος
979 2175 1089 2261 μόνον

134 2274 310 2360 τοῦλόγου
320 2271 383 2361 τήν
393 2270 610 2361 όργηνέχειν,
633 2272 708 2344 ἄλλ’
728 2270 1089 2364 ὁςίνταῦτβτῦνυό-

99 2392 105 2404 ·
135 2399 219 2461 μων,
231 2380 293 2442 τοῦ
303 2381 400 2459 θεοῦ,
411 2381 468 2460 τῆς
479 2374 616 2461 πόλεως,
628 2370 714 2460 ὁμοῦ
723 2375 859 2442 πάντων
868 2369 1088 2460 ἠδικημένων,

137 2471 225 2540 ούτω
246 2481 413 2538 ποιεῖσθαι
433 2469 495 2556 τὴν
515 2478 690 2557 τιμωρίαν,
712 2473 766 2539 καλ
782 2469 862 2550 τοῦς
878 2478 1089 2558 βοηθοῦντας

137 2574 191 2639 καί
206 2567 284 2649 τούς
302 2573 617 2655 συνεξεταζομένους
632 2567 713 2655 μετά
731 2570 855 2638 τούτου
874 2567 918 2657 μὴ
941 2570 1090 2656 συνηγό-

139 2691 219 2753 ρους
237 2667 359 2755 μόνον,
382 2665 467 2736 άλλδ
484 2670 539 2737 καί
556 2667 755 2755 δοκιμαστὰς
764 2677 833 2738 τοδν
842 2669 949 2759 τούτῳ
960 2693 1090 2754 πετρα-

137 2770 270 2853 γμένων
281 2763 531 2853 ὑπολαμβάνειν
544 2766 638 2836 εἶναι.

79 2887 130 2942 128
222 2871 267 2934 Εί
276 2866 337 2951 μὲν
348 2871 480 2951 τοίνυν,
494 2857 846 2954 όάνδρεςἏθηναϊοι,
860 2867 1089 2954 σωφροναιιαὶ

138 2966 272 3050 μέτριον
293 2962 378 3050 πρὸς
401 2961 504 3032 τάλλα
525 2963 736 3052 παρεσχηκοδς
759 2961 864 3032 αῦτὸν
878 2969 1020 3043 Μειδίας
1034 2965 1090 3032 καί

138 3066 264 3149 μηδένα
284 3069 353 3131 τάν
376 3061 488 3132 άλλων
510 3072 655 3133 πολιτάν
672 3062 837 3151 ήδιιιηιιοδς
850 3070 897 3142 είς
912 3065 967 3150 έμδ
983 3064 1091 3150 μόνον

139 3159 379 3249 άσελγηςοῧτω
389 3167 445 3230 καί
455 3168 561 3249 βίαως
577 3163 740 3249 ἐγεγόνει,
762 3168 897 3247 πρώτου
912 3162 975 3247 μὲν
992 3167 1088 3247 ἔγωγ’

139 3256 278 3345 ἀτύχημ’
290 3257 335 3327 δν
345 3264 491 3346 ἐμαυτοῦ
501 3270 600 3330 τοῦτο
610 3258 773 3347 ἡγούμην,
786 3257 881 3327 ἔπειτ’
896 3259 1093 3347 ἐφοβούμην

140 3353 183 3424 δν
200 3355 243 3444 μὴ
263 3355 324 3426 τόν
339 3357 443 3426 άλλον
454 3361 575 3427 ἑαυτοῦ
585 3366 661 3445 βίον
672 3351 770 3438 ούτος
780 3362 915 3446 μέτριον
926 3357 1093 3428 δεικνύων

138 3456 194 3524 καὶ
205 3452 449 3541 φιλάνθρωπον
457 3456 692 3543 διακρούσηται
702 3457 809 3547 τούτῳ
820 3456 857 3525 τό
869 3460 965 3542 δίκην
978 3448 1027 3523 εὸυ
1038 3455 1093 3543 ἐμὲ
