2370 3854
177 220 240 287 278
368 226 452 285 XXV.
484 222 925 304 [ΔΗΜΟΣΘΕΝΟΤΣ]

177 383 307 453 πλεῖσθ’
319 381 530 473 ἡμαρτηκότα
542 385 598 453 καὶ
611 384 792 453 δικαιότατ’
806 383 983 472 ὠφληκότα
1003 391 1061 459 καὶ
1076 391 1131 461 έπί

135 505 168 560 19
176 498 245 563 τοῖς
261 483 462 562 δεινοτάτοις
479 489 528 571 (τί
541 480 606 569 γάρ
624 478 669 550 ἀν
684 485 814 569 γένοιτο
832 495 1058 571 συκοφαντίας
1073 490 1132 560 καί

175 589 384 669 παρανομίας
414 583 623 669 δεινότερον,
652 581 700 668 ἐφ’
726 579 775 662 οἷς
803 579 1002 669 ἀμφοτέροις
1031 579 1132 668 οὗτος

176 681 370 769 όόφληκενς)
392 682 447 749 καὶ
464 678 515 748 ότι
533 679 610 749 οὐδ’
626 687 657 749 εί
672 689 753 748 πάσι
769 696 836 760 τοῖς
846 680 974 767 ἄλλοις,
997 682 1132 776 οὐχὶτῷ

174 785 356 872 βιαζομένῳ
368 781 476 868 δήπου
489 789 700 867 συγχωρῆσαι
716 782 875 867 προσήκει
889 780 1001 868 (ὕβρις
1008 782 1074 869 γάρ
1087 783 1130 872 δη

174 882 275 951 τοῦτό
291 894 361 967 γε),
383 882 438 949 καὶ
458 881 568 948 πάντα
583 879 624 947 τά
641 887 777 947 τοιαῦτα
794 880 897 948 έάσω·
923 877 1056 948 ἀλλ’ὅτι
1072 888 1131 952 καί

175 976 268 1058 πάςὸ
287 986 345 1066 τῆς
367 978 495 1057 πόλεως
512 979 568 1046 καί
585 985 653 1045 τῶν
670 978 785 1064 νόμων
801 978 940 1065 κόσμος,
964 971 992 1047 ω’
1008 977 1130 1066 ἀνδρες

171 1074 357 1164 Ἀθηναῖοι,
389 1077 644 1161 συνταράττεται
662 1078 717 1145 καὶ
736 1081 964 1164 διαφθείρεται
984 1079 1022 1145 τό
1044 1080 1129 1148 κατά

131 1182 311 1261 κοτοῦτον,
333 1175 390 1243 καὶ
400 1173 494 1242 τοῦτ’
507 1173 597 1261 οἶμαι
615 1183 730 1261 σαφῶς
740 1173 820 1261 ὑμῖν
831 1179 1012 1258 ἐπιδειξειν.
1045 1183 1128 1258 λέξω

178 1273 304 1341 δὀότε
315 1271 434 1343 καινόν
447 1271 525 1341 οὔτε
536 1275 690 1361 περιττόν
700 1273 801 1344 οὐδὲν
818 1274 890 1344 οὔτ’
905 1281 1006 1362 ίδιον,
1025 1275 1091 1345 ἀλλ’
1107 1275 1129 1346 ό

172 1371 293 1452 πάντες
304 1369 398 1458 όμεῖς
409 1383 477 1441 ίστε
488 1370 610 1459 ὁμοίως
621 1377 702 1462 ἐμοί.
735 1380 765 1442 εί
774 1374 837 1460 γάρ
848 1402 896 1454 τις
909 1375 1005 1463 ὑμῶν
1015 1376 1128 1456 ἐξετά-

172 1496 228 1540 σαι
240 1473 397 1560 βούλεται
423 1477 457 1537 τί
478 1470 553 1540 ποτ’
568 1476 636 1541 ἐστὶ
646 1471 683 1541 τό
698 1484 807 1542 αίτιον
817 1478 872 1542 καὶ
882 1473 920 1543 τό
933 1485 1054 1544 ποιοῦν
1064 1476 1128 1562 τὴν

172 1570 300 1659 βονλην
323 1573 559 1659 συλλέγεσθαι,
587 1569 648 1639 τόν
671 1574 779 1657 δῆμον
800 1577 846 1648 είς
866 1571 928 1656 τὴν
948 1576 1127 1659 ἐκκλησίαν

172 1668 384 1756 ἀναβαίνειν,
397 1669 437 1737 τά
449 1670 643 1756 δικαστήρια
655 1676 885 1756 πληροῦσθαι,
906 1667 965 1746 τάς
976 1672 1051 1747 ἕνας
1062 1670 1128 1756 άρ-

171 1768 230 1853 χάς
241 1783 311 1846 ταῖς
327 1771 419 1847 νέαις
436 1769 578 1847 έκοόσας
597 1766 780 1853 ὑπεξιέναι,
802 1770 859 1835 καί
868 1767 977 1834 πάντα
989 1765 1026 1833 δι’
1041 1759 1124 1857 άνὴ

172 1866 267 1944 πόλις
277 1872 413 1934 οἰκεῖται
422 1868 478 1934 καὶ
490 1866 625 1946 σώζεται
635 1873 821 1952 γίγνεσθαι,
839 1865 918 1944 τοὺς
928 1865 1053 1951 νόμους
1064 1866 1125 1934 εό-

172 1965 266 2050 ρη’σει
283 1963 412 2032 τούτων
429 1969 554 2042 αἰτίους
569 1966 627 2033 καὶ
642 1962 679 2033 τό
696 1965 827 2044 τούτοις
844 1963 991 2044 ἅπαντας
1006 1972 1124 2034 πείθε-

172 2073 271 2151 σθαι,
289 2065 359 2131 ἐπεὶ
374 2065 550 2132 λυθέντων
561 2090 599 2150 γε
609 2063 749 2152 τούτων,
761 2066 817 2133 καὶ
828 2064 953 2155 ἕκάστφ
967 2070 1122 2152 δοθείσης

171 2166 320 2244 ἐξουσίας
330 2160 351 2231 ό
362 2189 393 2231 τι
403 2163 559 2250 βούλεται
569 2169 691 2250 ποιεῖν,
711 2160 753 2232 οὐ
764 2161 901 2251 μόνονὴ
913 2170 1059 2232 πολιτεία
1070 2175 1122 2233 οί-
1131 2183 1175 2242 77(

170 2288 268 2349 γεται,
288 2257 357 2332 ἀλλ’
370 2258 444 2329 οὐδ’
458 2259 475 2328 ὁ
488 2268 560 2349 βίος
569 2260 666 2350 ἡμῶν
675 2270 737 2330 τοῦ
747 2271 814 2330 τόν
823 2269 955 2350 θηρίων
966 2260 1066 2330 οὐδὲν
1077 2257 1122 2330 άν

125 2389 161 2443 21
173 2362 346 2446 διενέγκαι.
376 2367 410 2427 τί
423 2357 488 2447 γάρ
511 2356 555 2428 άν
569 2371 691 2430 τοῦτον
701 2359 807 2429 αὐτόν
818 2372 931 2429 οίεσθε
942 2375 1049 2429 ποιεῖν
1059 2370 1122 2429 λυ-

171 2459 303 2524 θέντων
314 2464 383 2524 τῶν
393 2457 525 2546 νόμων,
547 2456 583 2538 ὃς
599 2458 708 2527 όντων
718 2469 846 2544 κυρίων
856 2460 1006 2538 τοιοῦτός
1015 2463 1121 2542 ἐστιν;

171 2553 282 2642 ἐπειδὴ
294 2561 410 2623 τοίνυν
422 2560 457 2624 οι’
466 2557 565 2642 νόμοι
581 2555 662 2642 μετά
673 2559 752 2636 τούς
761 2557 866 2638 θεοὺς
876 2557 1120 2645 ὁμολογοῦνται

171 2653 287 2734 στάζειν
297 2653 360 2740 την
371 2653 480 2736 πόλιν,
499 2658 551 2721 δεῖ
565 2656 691 2734 πάντας
701 2653 788 2742 ὑμᾶς
798 2654 857 2724 τόν
868 2655 971 2725 αὐτόν
981 2656 1119 2743 τρόπον,

171 2750 282 2838 ὥσπερ
293 2747 337 2818 ἀν
348 2758 379 2818 εί
385 2760 542 2838 καθῆσθε
553 2752 677 2836 ἐράνου
688 2755 870 2841 πληρωταὶ,
892 2755 951 2822 τόν
969 2754 1030 2841 μὲν
1047 2781 1121 2825 πει-

168 2847 319 2935 θόμενον
330 2848 459 2928 τούτοις
469 2847 515 2945 ὡς
526 2853 672 2935 φέροντα
687 2851 749 2939 την
761 2860 819 2940 τῆς
836 2861 998 2940 σωτηρίας
1008 2856 1120 2941 φορὰν

169 2949 277 3036 πλήρη
289 2956 330 3036 τῇ
340 2954 472 3034 πατρίδι
482 2957 581 3037 τιμᾶν
591 2952 647 3019 καί
658 2955 815 3040 ἐπαινεῖν,
823 2955 884 3020 τόν
895 2951 926 3020 δ’
934 2955 1121 3022 ἀπειθοῦν-

123 3074 207 3127 wa
228 3047 388 3128 κολάζειν.
429 3053 547 3136 έρανος
568 3049 632 3136 γάρ
655 3054 723 3118 ἐστι
743 3049 910 3129 πολιτικός
930 3053 985 3119 καὶ
1006 3053 1120 3131 κοινός

166 3145 267 3216 πάνθ’
281 3145 354 3234 όσα,
366 3147 539 3228 ταξάντων
549 3157 617 3218 τῶν
627 3149 753 3237 νόμων,
768 3150 904 3229 ἕκαστος
914 3148 1008 3236 ἡμῶν
1019 3165 1116 3219 ποιεῖ.

166 3242 207 3312 όν
219 3243 235 3313 ό
249 3252 382 3334 λείπων,
402 3239 430 3314 ἀ
441 3245 562 3334 ἀνδρες
569 3245 756 3335 Ἀθηναῖοι,
780 3249 886 3317 πολλὰ
897 3251 953 3317 καὶ
964 3248 1049 3318 καλά
1061 3252 1118 3317 καί

166 3342 270 3427 σεμνά
286 3348 342 3414 καὶ
353 3347 479 3432 μεγάλα
496 3344 592 3432 ὑμῶν
602 3343 790 3432 ἀφαιρεῖται
807 3349 861 3415 καὶ
878 3352 1067 3434 διαφθείρει
1077 3345 1115 3416 τό

115 3454 157 3509 23
167 3437 243 3505 καθ’
257 3438 360 3510 αὑτόν
405 3437 454 3512 όν
471 3448 508 3512 ἓν
524 3441 546 3530 ἢ
564 3445 625 3514 δύο
644 3448 710 3533 έριί
726 3450 987 3532 παραδείγματος
1007 3448 1117 3532 ἕνεκα,
