2370 3854
235 220 380 283 ΚΑΤΑ
400 219 885 284 ΑΡΙΣΤΟΓΕΙΤΟΝΟΣ
903 224 943 284 A.
1006 223 1067 287 ‘291

113 407 193 461 νυυς
210 383 277 448 ἐστὶ
286 394 355 459 τοῖς
366 383 514 457 ἐκείνους
524 378 750 447 ἀπολωλεκόσι
766 383 869 464 δῆλον
880 382 931 450 ότι
942 385 997 452 καὶ
1008 383 1068 452 νό-

113 505 186 567 μοις
202 480 262 561 1καὶ
283 483 431 566 πολιτείᾳ
450 485 492 565 τῇ
513 476 658 544 τούτων·
681 482 713 544 εί
734 477 769 545 δὲ
792 483 919 564 μηδένα
939 483 1068 551 τούτων
1133 474 1136 479 “

113 578 282 664 ὑπόλογον
299 589 454 662 ποιεῖται,
476 573 582 660 ἡδέως
598 570 642 642 ἀν
662 579 784 660 εἰδείην
800 584 848 654 τίς
865 580 955 647 ἐστιν
972 578 989 646 ὁ
1007 579 1069 667 τὴν
1136 602 1139 609 ’

112 702 194 762 προς
211 673 290 754 τοὺς
306 678 425 762 γονέας
432 672 569 741 εὔνοιαν
586 671 679 757 ὀροῖν
689 676 924 758 προδεδωκότα
935 687 1066 760 τοῦτον,

118 773 161 862 ἢν
178 772 260 860 πρός
274 772 334 842 τόν
351 777 458 860 δῆμον
473 779 540 839 νῦν
549 776 635 857 ἔχειν
645 769 864 859 ὑπισχνεῖται,
887 777 1066 844 πιστεὺων·

114 876 178 957 ἐγώ
196 873 257 958 μὲν
272 869 337 958 γάρ
355 869 495 938 ἀπιστον
504 872 560 937 καί
571 879 664 949 θεοῖς
674 871 815 958 ἐχθρόν,
837 871 879 940 οὑ
889 873 995 958 μόνον
1006 873 1067 942 ἀν-

111 972 277 1055 θρώποις,
300 967 527 1055 ὑπολαμβάνω
548 965 609 1036 τόν
629 976 697 1036 τῶν
719 973 848 1054 γονέων
869 967 1064 1055 ἀμελοῦντα,

111 1170 166 1254 καὶ
182 1171 231 1246 δίς
248 1173 294 1246 είς
309 1164 346 1236 τό
365 1165 590 1251 δεσμωτήριον
606 1169 792 1234 κατέθεσθε
809 1169 864 1234 καὶ
886 1167 989 1235 αὑτὸν
1010 1172 1066 1237 καὶ

110 1256 170 1332 τόν
188 1263 351 1351 ἀδελφόν,
374 1262 428 1331 διά
445 1260 547 1329 ταῦθ’
562 1261 642 1348 ὑμῖν
654 1262 774 1343 εὑνους
785 1269 881 1332 ἐστίν.
916 1264 998 1334 ἀλλά
1010 1270 1066 1335 καὶ

109 1362 199 1432 τοῦτ’
219 1363 352 1431 ἀτοπον.
386 1359 459 1429 ἀλλ’
479 1360 531 1429 ότι
541 1359 603 1448 τὴν
614 1359 773 1449 ἀρχῆνῆν
783 1370 898 1449 ἔλαχεν
909 1365 1080 1434 ἀπεδοκιι

110 1463 249 1548 μάσατε;
271 1458 344 1528 ἀλλ’
364 1458 415 1529 ότι
431 1461 635 1546 παρανόμων
651 1458 755 1528 αὑτοῦ
768 1465 966 1548 κατέγνωτε,
988 1462 1062 1532 ἀλλ’

109 1559 160 1628 ότι
171 1564 267 1628 πέντε
277 1561 449 1629 ταλάντων
460 1560 734 1648 προσετιμήσατες
755 1558 828 1630 ἀλλ’
842 1559 892 1628 ὅτι
903 1566 1066 1630 δακτυλο-

110 1664 262 1727 δεικτεῖτε
273 1662 324 1728 ἐπὶ
335 1668 382 1749 τῷ
393 1661 620 1747 πονηρότατον
630 1669 698 1728 των
709 1659 819 1728 όντων
829 1658 986 1729 ἀπάντων
998 1666 1065 1729 δει-

65 1759 247 1839 ρεκνάναις
273 1755 347 1827 ἀλλ’
369 1757 420 1826 ὅτι
441 1767 509 1827 τάν
529 1757 749 1845 ὑπαρχόντων
765 1761 881 1846 νόμων
896 1762 951 1829 καὶ
970 1768 1065 1828 πολι-

108 1865 194 1936 τείας
215 1857 387 1944 μενόντων
408 1857 471 1928 οάκ
492 1866 543 1928 ἔνι
566 1866 635 1928 τῶν
656 1865 802 1946 αἰσχρόν
823 1857 912 1951 αὑτῷ
935 1858 1065 1928 τούτων

109 1956 352 2043 ἀπαλλαγῆναι;
374 1955 459 2027 ἀλλά
482 1958 535 2027 διά
556 1966 591 2028 τί
608 1956 690 2046 ὑμῖν
707 1951 804 2039 οὗτος
821 1959 942 2041 εὔνους
958 1964 1064 2041 ἐστίν;

109 2055 175 2142 ότι,
195 2059 313 2142 φησὶν,
325 2054 464 2143 ἀναιδής
473 2061 570 2126 ἐστιν.
604 2055 622 2126 ὑ
635 2057 667 2126 δ’
681 2057 819 2145 ἀναιδὴς
829 2063 866 2127 έκ
877 2066 966 2137 τίνος
978 2058 1066 2127 ἀνο-

108 2154 222 2240 μάσθη
239 2161 308 2222 τῶν
324 2153 435 2222 ἀλλων
452 2153 526 2223 ἀλλ’
546 2152 568 2240 ἢ
585 2154 667 2223 όταν
683 2155 723 2223 τά
742 2158 824 2242 μήτε
841 2158 922 2225 όντα
932 2157 1007 2244 μήτ’
1022 2153 1065 2223 ἀν

106 2253 270 2337 γενόμενα
286 2259 390 2317 ταῦτα
408 2259 513 2340 τολμᾷ
523 2256 630 2337 λέγειν
649 2253 691 2321 δι’
706 2252 958 2340 ἀναισχυντίαν,
982 2254 1064 2338 ὅπερ

109 2344 320 2429 οὑτοςποιεῖ;

64 2477 99 2531 69
186 2445 350 2535 Ἡγοὺμαι
360 2453 476 2517 τοίνυν
486 2453 540 2518 καὶ
552 2451 627 2536 περὶ
637 2458 695 2537 τῆς
705 2453 887 2536 ἐνδείξεως,
901 2449 990 2538 ἀμοι
1000 2475 1064 2518 πα-

109 2553 277 2628 ραλείπειν
294 2551 384 2627 ἔδοξε
394 2553 591 2633 Λυκοῦργος
597 2599 607 2632 ,
628 2550 760 2635 βέλτιον
777 2547 860 2617 εἶναι
877 2551 961 2633 πρὸς
977 2546 1063 2636 ὑμᾶς
1072 2552 1124 2610 791

108 2651 221 2714 εἰπεῖν.
263 2644 327 2732 ἐγω
349 2644 414 2732 γάρ
437 2645 526 2731 οἶμαι
543 2651 613 2714 δεῖν
632 2645 717 2732 ὑμαῖς
735 2647 846 2732 ὥσπερ
864 2643 907 2716 ἀν
925 2655 955 2716 εί
969 2652 1064 2735 χρέος

108 2749 274 2812 έσκοπεῖτε
286 2750 388 2829 ίδιον,
407 2742 513 2823 οὕτως
524 2745 671 2826 ἐξετάσαι
681 2753 803 2813 τοῦτον
813 2750 867 2814 καί
878 2745 919 2814 τά
929 2746 1064 2814 τουτουὶ

107 2853 169 2911 τοῦ
185 2844 315 2928 ἀγῶνος
332 2849 449 2912 δίκαια.
485 2850 515 2912 εί
529 2851 645 2911 τοίνυν
657 2870 706 2922 τις
717 2841 863 2928 ὀφείλων
874 2842 938 2911 τιν’
950 2842 1063 2930 ᾑτιάτο

107 2943 273 3028 χρήματα,
295 2942 359 3011 ὁδ’
370 2941 519 3030 ἠρνεῖτο,
542 2950 573 3011 εί
581 2943 828 3029 μὲνέφαίνοντο
840 2947 920 3010 αἵτε
931 2950 1063 3027 συνθῆ-

108 3069 164 3109 και
181 3039 263 3110 καθ’
282 3039 321 3122 ἀς
337 3045 526 3112 ἐδανείσατο
544 3054 693 3127 κείμεναι
708 3045 762 3109 καὶ
780 3045 813 3108 οί
827 3045 979 3116 τεθέντες
989 3037 1062 3123 ὅροι

108 3140 296 3227 ἑστηκότες,
318 3140 379 3209 τδν
389 3141 600 3226 ἀρνούμενον
610 3137 741 3226 ἡγεῖσθ’
755 3134 799 3205 ἀν
810 3136 931 3223 ἀναιδῆ
942 3142 1062 3222 δηλον-

108 3239 175 3324 ότι,
199 3245 229 3307 εί
245 3237 275 3305 δ’
297 3237 487 3330 ἀνῃρημένα
505 3246 624 3325 ταῦτα,
645 3236 707 3307 τόν
731 3241 950 3324 ἐγκαλοῦντα·
973 3234 1061 3304 οὑτω

63 3349 97 3404 70
106 3345 210 3405 ταῦτα
225 3341 382 3423 πέφυκεν.
417 3341 480 3407 είσὶ
496 3347 612 3407 τοίνυν
623 3329 671 3405 οἷν
678 3335 927 3422 Ἀριστογείτων
937 3333 1061 3420 ὀφείλει

106 3445 146 3524 τῇ
163 3435 259 3503 πόλει
279 3444 448 3523 συνθῆκαι
466 3437 528 3522 μὲν
545 3441 579 3504 οί
588 3437 695 3524 νόμοι,
707 3434 787 3504 καθ’
802 3433 861 3514 οὑς
872 3435 1061 3566 έχγράςοον-

852 3535 885 3589 19
