2370 3854
264 213 408 275 ΚΑΤΑ
429 210 891 273 ΑΡΙΣΤΟΚΡΑΤΟΥΣ.
989 206 1051 268 153

95 383 194 458 σθαι,
210 375 358 462 χρήματα
372 370 571 460 πράξασθαι.
605 375 713 438 καίτοι
724 369 831 437 πάντα
841 376 944 437 ταῦτα
955 366 1050 437 3333-

96 497 199 559 ρὴκεν
211 470 369 558 ἄντικρυς
379 473 435 539 καί
445 490 561 555 σαφιις
572 466 590 537 ό
603 468 759 536 κάτωθεν
769 466 870 553 νόμος
880 469 963 554 μηδὲ
972 466 1051 546 τοὺς

95 569 266 655 ἡλωκότας
280 574 335 636 καὶ
356 571 576 655 δεδογμένους
586 565 822 653 ἀνδροφόνους
840 567 958 645 ἐξεῖναι
974 591 1050 634 κοι-

96 683 154 736 εῖν.
177 672 251 753 λέγε
264 666 294 734 δ’
307 665 419 746 αὐτοῖς
429 664 535 735 αὐτόν
544 665 605 734 ιόν
615 665 722 752 νόμον
732 662 793 732 τόν
803 662 884 751 μετὰ
897 671 1009 732 ταῦτα.

479 803 658 864 ΝΟΜΟΣ.

223 907 312 1016 [Τοὺς
323 909 351 976 δ’
346 907 568 1021 ἀνδροφόνους
580 916 703 1015 ἐξεῖναι
696 906 879 975 άιιοκιείνειν
890 912 969 975 ἐν
933 937 969 998 ιγ
979 907 1049 993 ἡμε-

137 1001 222 1103 δαιιὴ
229 991 309 1060 καί’
291 995 433 1100 αιιάγειν,
447 995 485 1074 ὡς
497 1000 528 1063 ἐν
538 1023 579 1085 τῳ
566 989 703 1074 άξονι’
685 992 844 1100 αγορεόει,
853 997 1049 1100 λυμαίνεσθαι

137 1081 169 1143 δὲ
186 1076 242 1185 μὴ,
265 1076 373 1164 μὴδί’
355 1091 499 1163 ακοινᾶν,
521 1061 677 1185 ἡδιιιλοῦν
688 1075 844 1184 όφείλειν’
827 1100 897 1145 οσον
907 1075 947 1145 άν
958 1105 1048 1145 κατα-

137 1161 252 1252 βλάψῃ.
286 1168 430 1251 εἰσφέρειν
441 1167 473 1231 δὲ
482 1189 550 1240 τους
562 1162 720 1271 άρχοντας,
733 1155 775 1227 ὧν
786 1166 903 1228 ἕκαστοι
914 1168 1050 1230 δικασταί
1131 1182 1132 1187 ’

137 1253 247 1336 εἰσι,
218 1275 258 1313 τω
245 1252 447 1339 βουλομένω
477 1243 573 1331 τὴνδ’
587 1247 707 1330 ἡλιαίαν
718 1244 963 1333 διαγιγνώσκειν]

52 1373 85 1426 29
175 1358 500 1446 Ἠκούσαιεμὲντοῦ
511 1358 634 1445 νόμον,
647 1358 878 1445 σκέψασθεδὲ,
892 1386 917 1426 οι
905 1351 1050 1444 ἄνδρες

91 1458 278 1544 Ἀθηναῖοι,
290 1461 345 1527 καὶ
356 1457 551 1545 θεωρήσατε
563 1455 608 1537 ὥς
619 1466 728 1537 καλοῖς
739 1461 793 1526 καί
810 1409 934 1544 σφόδρ’
953 1455 1049 1525 εὐσε-

92 1565 161 1675 βοᾶς
172 1562 295 1643 ἔθηκεν
305 1554 323 1625 ὁ
335 1559 439 1638 τιθεὶς
448 1555 509 1626 τόν
517 1558 632 1646 νόμον.
654 1553 1050 1645 τουςάνδροφόνουςφη-

96 1655 160 1716 σίν.
191 1674 325 1736 πρωτον
342 1652 404 1735 μὲν
421 1647 462 1737 δὴ
481 1676 603 1719 τουτον
621 1650 837 1736 ἀνδροφόνον
857 1655 1019 1740 λέγει,
986 1679 1046 1722 τον

95 1744 247 1832 ἡλωκότα
257 1745 322 1833 ἤδη
335 1775 374 1837 τῃ
362 1750 508 1873 φὴφῳ.
529 1747 569 1815 οὐ
581 1751 645 1834 γάρ
658 1747 726 1816 ἐστ’
740 1746 882 1829 033323‘
864 1753 930 1819 υιιὸ
943 1753 1107 1840 wvv31630

51 1851 134 1929 30ιὴ
149 1849 374 1931 προσηγορία,
396 1846 476 1927 κριν
486 1871 530 1911 αν
540 1843 741 1929 ἐξελεγχθεις
752 1840 832 1909 αλω
871 1865 938 1908 που
949 1865 1048 1908 τουτο
1163 1884 1167 1890 -

95 1944 244 2025 δηλοῑ;”
228 1967 264 2008 εν
280 1966 315 2008 τε
325 1967 371 2008 τοι
358 1939 532 2032 ”’“προιέρῳ
543 1968 637 2031 υομω
649 1945 703 2010 και
714 1967 831 2026 τουιῳ
865 1967 902 2007 εν
912 1937 1023 2026 μὲν
983 1965 1048 2024 γαρ
1082 2022 1088 2035 ι

94 2040 208 2128 ἐκείνῳ
220 2037 349 2127 γράψας
360 2041 419 2107 ἐάν
428 2069 477 2120 τις
487 2040 682 2129 ότιοκτείνὴ,
693 2040 754 2127 τὴν
765 2037 893 2126 βουλὴν
904 2039 1049 2118 δικάζειν

92 2135 201 2221 εἶπεν,
214 2141 250 2205 ἐν
262 2139 297 2206 δὲ
311 2140 418 2227 τούτῳ
428 2142 489 2208 τόν
501 2139 716 2225 α’νδροφόνον
728 2135 937 2223 προσειπών,
952 2136 975 2204 οἳ
984 2136 1046 2223 χρὴ

91 2237 247 2323 πάσχειν,
261 2247 405 2321 εἴρηκεν·
429 2232 472 2304 οὗ
482 2242 544 2322 μὲν
555 2236 618 2320 γὰρ
628 2232 673 2321 ἡν
684 2243 770 2304 αἰτία
780 2237 818 2304 τό
830 2245 975 2321 πρᾶγμα,
986 2235 1049 2323 τὴν

93 2345 202 2419 κρίσιν
219 2342 367 2418 εἴρηκεν,
391 2325 433 2399 οὗ
450 2333 483 2400 δ’
500 2332 518 2401 ὁ
536 2332 638 2411 ἆλοός
653 2339 766 2419 ἔνοχος
783 2341 831 2423 τῳ”
840 2333 1048 2460 τιροσρὴματι

92 2457 200 2520 τουιω
212 2433 413 2516 καθεστὴκε
426 2457 488 2518 την
499 2439 661 2520 τιμωριαν
672 2437 825 2520 ἐγραγεν
847 2436 921 2519 περι
932 2434 994 2520 μεν
1005 2432 1045 2521 δὴ
1151 2484 1157 2493 «

91 2558 161 2598 των
177 2499 397 2614 ἡλωκότων”
374 2557 418 2599 αν
428 2533 526 2616 λεγοι
549 2534 637 2616 λέγει
648 2531 684 2599 δὲ
694 2538 741 2614 τί
764 2534 881 2612 ἐξειναι
892 2530 1047 2602 ακοκιεί-

47 2648 163 2701 3ινειν
174 2629 259 2698 καὶ
238 2656 389 2718 αιιαγειν
414 2629 469 2717 ἄρ’
483 2659 527 2712 ως
538 2657 657 2701 αυτον
650 2658 802 2719 ηωςαν
812 2632 976 2721 βουληταί
983 2659 1046 2714 τις,

92 2737 219 2797 ιιολλοῦ
229 2756 267 2814 γε
278 2732 331 2798 καί
344 2735 401 2798 δεῖ,
436 2729 521 2800 άλλα
532 2739 618 2815 33333
643 2729 687 2811 ὥς
698 2737 736 2802 ἐν
745 2760 790 2823 τῳ
779 2734 896 2815 άξονι
909 2745 1045 2821 εἰρὴται,

92 2834 204 2914 φησίν.
228 2828 370 2897 τοῦτοδ
384 2832 500 2899 ἐστὶ
466 2859 497 2899 τι
503 2860 512 2912 3
526 2829 546 2899 ὃ
557 2833 679 2911 πάντες
690 2832 865 2902 ἐπίστασθ’
878 2831 980 2920 ὑμεῖς.
1013 2837 1047 2902 οἰ

91 2928 297 3011 θεσμοθέται
312 2927 390 3008 τοὺς
408 2932 461 2998 ἐπὶ
478 2932 575 3022 φόνῳ
587 2933 774 3018 φεύγοντας
784 2933 895 3018 κύριοι
905 2935 1044 3023 θανάτῳ

91 3032 250 3113 ζημιῶσαί
259 3031 336 3112 εἰσι,
356 3030 413 3097 καὶ
423 3027 484 3097 τόν
494 3033 530 3098 ἐκ
539 3040 598 3117 τῆς
608 3034 783 3117 ἐκκλησίας
793 3034 912 3118 πέρυσι
923 3032 1045 3112 πάντες

90 3122 271 3214 ἑωραιευιι
274 3123 643 3215 ἐκείνωνοίιιαχθέντα.
677 3123 1044 3208 ωςτούιουςοῦναιιά-

47 3234 159 3310 δλγειν
176 3226 273 3310 λέγει.
308 3229 457 3313 διαφέρει
474 3231 562 3297 δὲί
528 3235 562 3296 τί
575 3235 674 3323 τοῦτο
687 3237 749 3295 τοῦ
761 3255 804 3306 ως
815 3225 920 3296 αυτόν
932 3228 1042 3317 άγειν;

89 3323 139 3391 ότι
151 3351 168 3392 ο
156 3321 275 3411 ‘33²3
254 3323 404 3410 ατιάγων,
413 3351 439 3392 ω
426 3318 587 3413 άνδρες’
582 3323 796 3412 Αθηναῖοι,
771 3353 816 3405 ως
827 3325 906 3407 τούς
915 3338 1043 3418 θεσμο-

87 3426 186 3502 θέτας
202 3420 281 3501 τούς
299 3421 424 3508 νόμους
440 3434 591 3511 κυρίους
587 3438 686 3493 ιιοιεϊ
699 3449 761 3493 του
784 3426 1041 3517 δεδρακότος,ὁ
