2370 3854
162 242 203 305 38
374 247 434 303 XX.
468 241 884 303 ΔΗΜΟΣΘΕΝΟῬΣ

161 409 287 471 λείπειν
312 406 450 481 ἐκείνοις
470 402 600 487 φήσεις,
632 400 751 467 τούσδε
778 398 797 467 ὃ
818 401 925 486 μόνον
953 405 1113 492 λαβόντες

106 505 154 558 124
162 507 291 588 έχουσι,
312 498 404 569 τοῦτ’
417 497 533 587 ἀφέλη.
564 499 608 576 ἀς
619 496 651 564 δ’
666 496 776 576 ἁπλῶς
788 505 907 585 εἰπεῖν,
930 498 992 569 οὐκ
1005 508 1036 569 εί
1044 510 1113 569 τῶν

162 603 299 669 πάντων
311 600 512 686 ἀδικήσομέν
522 625 595 665 τινα
606 593 628 683 ή
638 602 769 680 μείζονα
779 592 801 683 ή
812 595 987 684 ἐλάττονα,
1001 601 1114 668 δεινόν

162 702 262 786 ἐστιν,
274 698 344 767 ἀλλ’
357 704 389 766 εί
398 695 456 776 τάς
466 694 577 782 τιμάς,
602 691 651 765 οἷς
669 691 713 762 ἀν
724 693 797 762 ἀντ’
812 689 851 763 εά
862 698 1052 783 ποιήσωμέν
1063 725 1114 764 τι-

162 825 237 882 νας,
251 795 409 874 ἀπίστους
426 795 691 879 καταστήσομεν·
714 791 819 861 οὐδ’ὁ
838 803 988 874 πλεῖστος
1003 801 1113 882 ἔμοιγε

162 897 260 982 λόγος
271 898 345 981 περὶ
356 904 414 982 τῆς
425 893 571 972 ἀτελείας
581 896 686 976 ἐστὶν,
708 890 777 960 ἀλλ’
790 889 874 978 ὑπὲρ
892 901 953 960 τοῦ
964 893 1114 980 πονηρὸν

162 1002 241 1073 ἔθος
261 994 322 1062 τὸν
343 996 451 1080 νόμον
471 993 614 1077 εἰσάγειν
632 995 686 1059 καὶ
703 999 871 1078 τοιοῦτον,
896 991 935 1058 δι’
953 984 995 1059 οὗ
1011 993 1111 1060 πάντ’

161 1093 283 1161 ἀπιστα
293 1090 385 1160 ἀσαὸ
399 1097 501 1179 δῆμος
512 1096 649 1159 δίδωσιν
661 1096 759 1158 έσται.

101 1198 152 1252 125
238 1189 299 1259 Ὃν
309 1204 424 1259 τοίνυν
437 1189 706 1273 κακουργότατον
722 1199 848 1257 ολόνται
860 1190 963 1275 λόγον
975 1187 1114 1276 εὑρηκέ-

160 1318 217 1357 ναι
227 1289 311 1373 πρὸς
326 1287 362 1358 τὸ
375 1287 432 1368 τάς
443 1287 589 1366 ἀτελείας
599 1286 684 1374 ὑμᾶς
695 1289 881 1373 ἀφελέσθαι
893 1304 1019 1373 πεῖσαι,
1037 1293 1115 1375 βέλ-

160 1391 233 1457 τιόν
254 1392 323 1456 ἐστι
345 1403 533 1472 προειπεῖν,
559 1393 616 1456 ἵνα
637 1389 681 1475 μή
706 1387 826 1475 λάθητ’
847 1390 1113 1474 ἐξαπατηθέντες.

160 1491 275 1571 ἐροῦσι
284 1487 348 1574 γάρ
360 1487 411 1555 ὅτι
420 1485 517 1555 ταῦθ’
531 1493 630 1571 ίεροῖν
648 1490 738 1554 ἐστιν
756 1487 886 1555 ἀπαντα
897 1485 1114 1572 τάναλώματα

161 1591 210 1668 [αἱ
217 1593 368 1671 χορηγίαι
378 1589 433 1653 καὶ
445 1591 480 1653 αἱ
488 1591 768 1670 γυμνασιαρχίαη·
793 1583 904 1652 θεινόν
916 1577 994 1668 οὖν,
1008 1590 1038 1651 εί
1047 1591 1115 1650 τῶν
1124 1592 1177 1645 495

160 1687 262 1767 ἱερῶν
273 1681 390 1769 ἀτελής
400 1710 447 1760 τις
458 1680 673 1769 ἀφεθήσεται.
703 1681 766 1767 ἐγώ
779 1682 814 1750 δὲ
825 1681 862 1749 τὸ
879 1687 940 1766 μέν
951 1709 1050 1766 τινας,
1066 1679 1115 1760 οἷς

160 1779 178 1847 ὁ
192 1787 295 1867 δῆμος
307 1786 439 1867 ἔδωκεν,
447 1780 572 1861 ἀτελεῖς
583 1782 666 1850 εἶναι
676 1782 806 1850 τούτων
818 1786 947 1848 δίκαιον
957 1779 1113 1868 ἡγοῦμαι,

161 1877 233 1946 ὅδὲ
256 1889 321 1947 νῦν
342 1873 435 1947 οὗτοι
456 1881 664 1968 ποιήσουσιν,
690 1881 750 1948 ε’ἀν
771 1879 836 1964 ἀρα
858 1887 961 1946 ταῦτα
983 1882 1112 1965 λέγωσι,

100 1993 151 2047 126
162 1976 248 2044 τοῦτ’
263 1977 347 2045 εἶναι
358 1978 471 2046 δεινὸν
482 1986 611 2065 νομίζω.
637 1986 671 2048 ,εί
681 1976 745 2064 γάρ
757 1976 779 2046 ἀ
791 1978 874 2046 κατὰ
886 1977 995 2064 μηδέν’
1011 1981 1114 2046 ἀλλον

161 2082 272 2162 έχουσι
292 2077 419 2160 τρόπον
440 2083 541 2157 δεῖξαι
553 2069 682 2146 δίκαιον
698 2076 786 2164 ὑμάς
796 2078 998 2164 ἀφελέσθαι,
1016 2076 1110 2144 ταῦτ’

161 2178 213 2243 ἐπὶ
230 2183 276 2264 τῷ
298 2183 366 2242 τεάν
381 2184 476 2247 θεοῖν
486 2176 626 2264 ὀνόματι
636 2192 743 2246 ποιεῖν
755 2183 945 2264 ζητήσουσι,
967 2187 1038 2257 παῖς
1050 2175 1112 2244 οὐκ

160 2272 378 2360 ἀσεβέστατον
388 2281 487 2361 ἔργον
497 2281 552 2346 παὶ
564 2279 754 2347 δεινότατον
763 2279 941 2363 πράξουσα
963 2276 1024 2366 χρή
1037 2276 1112 2362 γάρ,

161 2372 205 2451 ἀς
213 2383 298 2457 γοῦν
309 2377 379 2459 ἐμοὶ
391 2381 497 2461 δοκεῖ,
510 2376 573 2444 ὅσα
583 2405 630 2456 τις
642 2379 777 2462 πράττει
788 2377 867 2457 τούς
878 2375 981 2456 θεοὺς
993 2380 1113 2461 ἐπιφη-

160 2477 278 2556 μίζων,
302 2481 437 2538 τοιαυτα
450 2481 631 2557 φαίνεσθαι
643 2473 696 2543 οἶα
713 2475 789 2561 μηδ’
805 2475 847 2543 ἀν
860 2476 910 2542 ἐπ’
924 2476 1112 2558 ἀνθρώπου

160 2571 351 2653 πραχθέντα
364 2570 494 2657 πονηρά
506 2579 634 2656 φανείη.
669 2573 720 2640 ὅτι
733 2573 761 2639 δ’
776 2571 839 2640 οὐκ
851 2580 919 2640 ἔστι
930 2570 1053 2640 ταάτόν
1065 2576 1113 2638 έε-

162 2675 231 2750 ρῶν
243 2665 393 2735 ἀτέλειαν
404 2675 489 2754 ἔχειν
499 2673 554 2737 καὶ
565 2679 791 2757 λειτουργιῶν,
809 2671 876 2739 ἀλλ’
891 2665 985 2739 οὗτοι
995 2672 1031 2740 τὸ
1044 2679 1112 2740 τῶν

161 2773 375 2850 λειτουργιῶν
381 2765 488 2853 ὄνομα
498 2771 550 2835 ἐπὶ
560 2767 597 2836 τὸ
609 2775 784 2857 τάνίερῶν
791 2774 1030 2858 μεταφέροντες
1037 2776 1112 2852 ἐξα-

160 2871 269 2929 πατάν
281 2869 428 2948 ζητοῦσι,
438 2874 607 2955 Λεπτίνην
617 2867 697 2956 ὑμῖν
709 2870 812 2938 αὐτὸν
824 2871 888 2956 ἐγώ
900 2873 1111 2958 παρασχήσο-

63 3052 65 3056 ¹
100 2967 150 3022 127
160 2989 218 3047 μαι
227 2962 391 3048 μάρτυρα.
423 2965 565 3049 γράφων
583 2967 646 3055 γάρ
664 2967 842 3055 ἀρχήντοῦ
853 2968 1110 3057 νόμου“Λεπτι’-

155 3060 235 3147 “νης
246 3060 331 3130 εἶπέ
345 3065 463 3149 φησὶν,
480 3062 593 3144 “firme
603 3063 647 3133 ἀν
659 3072 694 3134 οί
703 3070 945 3137 πλουσιώτατοι
961 3079 1111 3152 λειτουρ-

153 3154 296 3245 “γάσιν,
320 3160 419 3249 ἀτελή
430 3167 555 3250 μηδένα
574 3164 658 3233 εἶναι
672 3165 761 3252 πλήν
776 3175 845 3235 τάν
861 3165 916 3254 ἀφ’
935 3165 1111 3254 Ἁρμοδίου

157 3253 232 3325 “ααὶ
252 3255 551 3347 Ἀριστογείτονος.”
596 3271 702 3333 καίτοι
727 3271 758 3332 εί
776 3259 819 3352 ήν
841 3271 940 3352 ἱερῶν
961 3264 1105 3332 ἀτέλειαι

101 3376 103 3380 ’
160 3359 246 3439 ἔχειν
257 3354 355 3424 ταύτὸ
369 3365 424 3428 καὶ
435 3371 666 3448 λειτουργιῶν,
691 3372 724 3431 τί
737 3373 836 3432 τοῦτο
855 3363 976 3432 παθών
988 3365 1110 3447 προσέ-

160 3469 304 3538 λθαθὸνὶ
336 3457 414 3527 Οὐδὲ
436 3461 499 3547 γάρ
517 3462 645 3541 τούτοις
665 3460 793 3531 ἀτέλεια
810 3471 879 3530 τῶν
890 3460 917 3536 γ’
929 3465 1031 3542 ἱερῶν
1042 3463 1109 3528 ἐστι
