2370 3854
117 211 178 276 170
314 213 408 270 xxm.
446 205 864 267 ΔΗΜΟΣΘΕΝΟῬΣ

118 398 173 442 σιν
184 378 304 456 εἰπεῖν,
326 372 381 438 καὶ
400 375 446 457 τῷ
464 365 508 454 μή
522 373 615 446 δίκας
631 373 750 450 αἰτεῖν,
775 365 831 433 καὶ
842 371 889 453 τῷ
898 364 1077 452 πανταχό-

117 483 182 541 θεν
193 469 323 539 διδόναι
335 476 467 557 λαβεῖν,
488 469 543 535 καὶ
559 465 694 557 τῷτούς
705 462 987 552 ὑποδεξαμένους,
1010 463 1076 533 άλ-

118 567 160 638 λά
182 568 226 656 μή
250 564 324 651 παρ’
344 563 393 647 οἷς
414 562 458 634 άν
478 564 516 635 τὰ
537 567 649 644 πάθος
668 571 805 651 γένηται
825 562 995 650 κολάζειν,
1017 567 1077 632 καὶ

119 677 220 736 πᾶσιν
239 664 360 735 οὑτωσὶ
378 673 534 752 φανερῶς
550 667 605 732 καὶ
627 663 716 748 παρά
736 670 859 731 τοῦτον
879 671 991 749 εῖρήιιε
1011 661 1136 745 τδν649

120 767 233 853 νόμον.

77 888 111 940 86
204 869 288 950 Λέγε
303 862 342 950 δή
357 863 417 931 τὸν
432 866 557 948 ἐφεξῆς.

509 1011 686 1072 ΝΟΜΟΣ.

205 1138 310 1220 [Μηδὲ
319 1133 411 1218 νόμον
422 1131 463 1201 ἐπ’
479 1131 567 1221 ἆνδρὶ
579 1138 686 1214 ἐξεῖναι
695 1143 813 1217 θεῖναι,
832 1130 885 1200 ἐάν
902 1129 944 1217 μή
954 1130 1008 1199 τὸν
1017 1128 1075 1199 «23-

164 1218 216 1287 τὸν
229 1224 277 1287 ἐπὶ
286 1228 379 1286 πᾶσιν
387 1216 580 1304 Ἀθηναίοις]

195 1354 288 1424 Ἐστι
300 1355 361 1442 μὲν
373 1353 485 1423 οὐκέτι
502 1363 570 1425 τῶν
587 1364 737 1441 φονικῶν
748 1353 806 1422 ὅδε
817 1351 834 1422 ὁ
847 1361 914 1422 νῦν
924 1349 1078 1440 άνεγνοι-

121 1457 242 1541 σμένος
252 1455 365 1540 νόμος,
379 1448 406 1521 ά
419 1453 539 1537 ἄνδρες
549 1455 709 1539 δικασταὶ,
722 1451 794 1522 οὐδ’
807 1450 922 1523 ὁτιοῦν
933 1445 1077 1539 δ’ήττον

122 1560 187 1639 ἔχει
198 1562 315 1639 καλῶς,
334 1563 425 1638 εἴπερ
437 1555 493 1621 καὶ
504 1552 604 1631 ἄλλος
615 1579 672 1632 τις.
706 1551 818 1637 ὥσπερ
828 1552 892 1639 γάρ
903 1558 962 1638 τῆς
972 1550 1076 1639 ἄλλης

123 1656 286 1730 πολιτείοις
297 1660 373 1722 ἴσον
383 1654 534 1736 μέτεστιν
544 1651 688 1741 ἕκάατφ,
710 1649 818 1729 οὕτως
833 1649 915 1741 ᾤετο
932 1654 1003 1719 δεῖν
1018 1652 1077 1720 καὶ

122 1759 190 1818 τῶν
200 1749 315 1836 νόμων
328 1759 403 1819 ἴσον
413 1754 559 1836 μετέχειν
569 1750 697 1830 πάντας
708 1747 728 1819 ὁ
739 1753 812 1829 θεὶς
825 1747 940 1839 αὐτόν,
951 1752 1007 1819 καὶ
1018 1748 1075 1842 διὰ

123 1847 217 1917 ταῦτ’
232 1856 356 1936 ἔγραψε
366 1850 450 1937 μηδὲ
461 1850 568 1935 νόμον
578 1848 627 1918 ἐπ’
638 1847 737 1936 άνδρὶ
748 1851 867 1929 ἐξεῖναι
876 1858 1004 1936 θεῖναι,
1016 1848 1078 1919 ἐὰν

124 1946 167 2034 μή
179 1944 240 2014 τὸν
250 1945 354 2015 αὐτὸν
366 1946 414 2034 ἐφ’
429 1947 555 2015 ἅπασιν
562 1946 757 2033 Ἀθηναίοις.
787 1945 888 2016 ὁπότε
904 1953 1021 2016 τοίνυν
1035 1945 1077 2017 τά

123 2051 318 2132 ψηφίσματα
336 2050 407 2113 δεῖν
424 2043 507 2114 κατά
525 2043 605 2124 τοάς
621 2045 745 2132 νόμους
765 2044 973 2134 ὁμολογεῖται
992 2047 1078 2134 γρά-

129 2172 216 2232 φειν,
229 2143 247 2214 ὁ
259 2143 401 2232 γράφων
412 2151 480 2234 ἰδία
490 2172 522 2214 τι
532 2145 713 2235 Χαριδήμῳ
724 2153 895 2232 τοιοῦτον,
912 2143 933 2214 δ
939 2145 984 2232 μή
996 2154 1078 2215 πάσι

125 2246 181 2313 καὶ
198 2241 280 2332 ὑμῖν
297 2249 404 2331 ἔσται,
428 2253 544 2331 σαφῶς
559 2249 616 2313 καὶ
633 2243 721 2329 παρὰ
739 2253 861 2315 τοῦτον
878 2241 922 2313 άν
939 2244 1079 2332 εἰρηκάς

126 2354 175 2430 εῖή
187 2342 247 2412 τὸν
256 2344 372 2431 νόμον.
406 2343 448 2412 οὐ
458 2345 523 2432 γάρ
539 2345 649 2431 δήπου
666 2342 778 2431 άμηδὲ
795 2354 992 2430 νομοθετεῖν
1007 2348 1079 2425 ἔξε-

126 2464 193 2527 στι,
215 2453 318 2510 ταῦτα
335 2448 372 2511 ἐν
388 2451 574 2530 ψηφίσματι
591 2444 722 2529 γράψας
738 2470 787 2522 τις
802 2440 912 2530 ἔννομ’
927 2437 970 2510 άν
987 2449 1080 2531 εἰρη-

126 2539 264 2626 κιδςεῖη.

81 2656 115 2711 87
209 2641 295 2723 Λέγε
318 2637 379 2707 τὸν
401 2637 482 2724 μετὰ
505 2648 610 2709 ταῦτα
631 2640 747 2728 νόμον.
793 2633 931 2728 ήοάτοι
957 2642 1081 2722 πάντες

127 2741 225 2815 εἰσίνς

512 2876 689 2939 ΝΟΜΟΣ,

211 3007 376 3094 [Ψήφισμα
387 3013 420 3076 δὲ
430 3016 522 3096 μηδὲν
532 3013 603 3097 μήτε
612 3022 721 3100 βουλῆς
731 3014 804 3100 μήτε
814 3013 910 3098 δήμου
921 3013 1015 3099 νόμον
1025 3042 1080 3081 κυ-

170 3094 413 3181 ριάτερονεῖναι.]

210 3223 381 3293 Κατάθου.
404 3223 504 3294 Πάνυ
514 3226 635 3315 μικρὸν
646 3224 815 3313 ὑπείληφά
824 3254 882 3314 μοι
892 3228 953 3296 τδν
963 3227 1080 3314 λόγον,

130 3311 293 3405 άάνδρες
310 3328 476 3413 δικασταὶ,
499 3328 556 3395 καὶ
572 3326 691 3415 ῥᾴδιον
709 3323 886 3412 εἶναιπερὶ
906 3334 969 3396 τοῦ
988 3322 1078 3408 παρὰ

22 3478 27 3485 .
128 3426 249 3487 τοῦτον
265 3426 420 3510 εἰρῆσθαι
434 3423 495 3494 τὸν
511 3423 618 3511 νόμον
638 3422 801 3512 ψήφισμα.
835 3422 871 3506 ὃς
886 3424 950 3512 γάρ
969 3420 1060 3510 άπαρ
