2370 3854
360 198 506 259 ΚΑΤΑ
527 199 744 262 ΑΦΟΒΟΥ
761 203 802 262 A.
1000 201 1062 264 315

109 367 203 448 μνῶν
224 356 481 446 ὑποκειμένους,
515 368 621 428 εἰκοσι
642 359 675 427 δ’
698 359 798 441 ὄντας
817 363 879 430 τὸν
900 360 1060 451 ἀρνδμδν,
1069 389 1117 444 321

108 464 257 542 ἐπιδείξω
268 458 350 548 δμίυ
363 457 409 539 ῶς
420 464 497 527 λίαν
514 458 661 538 ἀναιδῶς
676 461 732 528 καὶ
750 467 905 547 φανερῶς
923 488 964 548 με
974 459 1060 529 ἀπο-

108 568 291 645 στεροῶσιν.
314 559 454 638 τούτους
464 557 529 645 μάρ
542 566 807 645 καταλειφθῆναι
817 557 972 645 μὲυοδκοι
983 555 1058 645 παρ’

105 654 185 745 ἡμῖν
196 657 319 737 πάντες
329 655 541 744 ὁμολογοῦσι,
549 658 605 725 καὶ
616 654 673 737 τάς
683 659 811 727 δώδεκα
821 667 907 745 μνᾶς
918 659 1060 727 ἑκάστου

105 764 168 824 τοῦ
188 760 345 824 ἐνιαυτοῦ
365 764 413 843 τῷ
433 757 533 843 πατρί
552 763 731 842 γίγνεσθαί
755 780 875 843 φασιν·
907 754 1001 825 αὐτοὶ
1023 758 1059 826 δὲ

106 863 219 942 λῆμμα
230 855 292 941 μὲν
303 851 375 939 παρ’
390 852 502 943 αὐτῶν
513 858 551 924 έν
562 859 640 924 δέκα
649 860 758 925 ἔτεσιν
769 854 871 925 οὐδὲν
881 858 953 943 ἐμοὶ
964 882 1059 941 γεμε-

107 958 252 1040 νημένον
261 952 511 1042 ἀποφαίνουσιν
521 952 590 1022 ἀλλ’
602 953 684 1024 οὐδὲ
694 953 830 1043 μικρδν,
842 953 1059 1041 ἀναλώματος

107 1051 143 1120 δὲ
162 1053 346 1138 κεφάλαιον
363 1058 409 1132 είς
426 1049 550 1132 αὐτοὺς
568 1046 666 1131 οὗτος
682 1052 801 1140 ὀλίγον
817 1058 888 1122 δεῐυ
898 1060 1058 1141 λογιζεται

63 1179 97 1230 25
107 1157 225 1235 χιλίας·
249 1156 296 1231 είς
306 1149 397 1221 τοῦτ’
412 1149 580 1229 ἀναιδείας
590 1151 764 1237 ἐλήλυθεν.
798 1150 1059 1232 αὐτοδςδδτοδς

109 1246 329 1336 ἀνθρώπους,
352 1256 398 1327 είς
409 1246 469 1327 οδς
486 1245 580 1315 ταῦτ’
593 1245 801 1316 ἀναλωκέναι
811 1251 930 1337 φησὶν,
954 1249 1055 1319 οὐδα-

109 1355 173 1432 μοῦ
185 1373 242 1433 μοι
253 1345 528 1430 παραδεδώκασιν
535 1397 545 1430 ,
563 1344 648 1415 ἀλλά
660 1348 797 1416 πάντων
808 1350 988 1418 κενότατον
998 1350 1058 1418 λό-

108 1473 170 1530 γον
180 1449 346 1533 λέγουσιν,
362 1442 434 1524 ώςδ
447 1441 586 1524 ὑποθεὶς
597 1452 643 1536 τῷ
655 1447 754 1532 πατρὶ
769 1444 984 1533 τάνδράποδα
996 1471 1059 1515 πο-
1171 1440 1173 1444 ’

111 1544 290 1630 νηρότατος
317 1542 512 1631 ἀνθρώπων
540 1546 608 1614 ἐστὶ
635 1546 690 1613 καὶ
711 1544 852 1632 ἐράνους
872 1571 907 1613 τε
928 1547 1059 1615 λέλοιπε

109 1652 284 1723 πλείστους
296 1645 351 1713 καὶ
362 1641 550 1730 ὑπέρχρεως
560 1645 692 1731 μέμονε,
707 1646 762 1714 καί
772 1645 902 1713 τούτων
912 1642 976 1714 οὐκ
986 1641 1059 1715 ὀλί-

107 1768 188 1825 γους
198 1743 378 1832 κεκλήκασι
389 1742 458 1812 κατ’
468 1745 600 1812 ἐκείνου
616 1743 795 1831 μάρτυρας.
824 1741 866 1812 τά
885 1741 917 1812 δ’
932 1741 1058 1828 ἀνδρά-

108 1846 195 1910 ποδα
206 1842 297 1924 ὅστις
314 1841 433 1913 ἐστίυδ
446 1839 563 1931 λαβών
573 1837 596 1930 ἦ
606 1851 677 1922 πῶς
687 1846 723 1911 ἐκ
733 1852 791 1930 τῆς
802 1849 907 1922 οίκίας
918 1845 1058 1930 ἐξῆλθεν

107 1936 128 2026 ἢ
146 1946 194 2021 τίς
211 1940 364 2029 ἀφείλετο
381 1936 404 2030 η’
421 1940 505 2027 πρδς
521 1949 596 2011 τίνα
611 1945 708 2030 δίκην
722 1940 880 2030 ἥττηνται
903 1944 978 2030 περὶ
995 1941 1057 2009 αδ-

63 2047 185 2127 δδτῶυ,
196 2038 259 2110 οὐκ
269 2047 402 2128 ἔχουσιν
413 2048 525 2109 εἰπείυ.
547 2047 654 2109 καίτοι
665 2050 697 2110 εί
702 2066 735 2108 τι
745 2027 862 2127 ἔλεγδν
875 2036 980 2126 ὑγιὲς,
994 2037 1056 2109 οὐκ
1148 2096 1151 2103 ,

108 2135 153 2207 ἀν
170 2139 254 2208 κατά
270 2149 328 2227 τῆς
344 2143 473 2209 ἐκείνου
490 2145 649 2226 πονηρίας
664 2148 860 2225 παρείχοντο
877 2138 1057 2224 μάρτυρας,

108 2230 149 2324 ἦς
165 2236 266 2306 οὐδέν
287 2263 343 2323 μοι
359 2236 520 2324 προσήκει
536 2241 738 2323 φροντίζειν,
761 2234 845 2304 ἀλλά
863 2235 994 2303 τούτων
1015 2231 1059 2302 ἀν

109 2334 399 2422 ἀντελαμβάνοντο
417 2339 472 2402 καὶ
482 2335 560 2413 τοὺς
575 2332 738 2422 λαβόντας
749 2330 994 2401 ἀπεδείκνυσαν
1003 2334 1059 2401 καὶ

109 2429 211 2501 οὐδὲν
221 2427 266 2501 ἀν
276 2431 390 2501 αὐτῶν
400 2429 610 2518 παρέλειπον.
634 2440 700 2501 νῦν
717 2429 749 2500 δ’
764 2429 905 2519 ώμότατ’
920 2428 1060 2519 ἀνθρώ-

110 2556 185 2600 πων
201 2529 445 2619 ὁμολογοῦντες
466 2539 731 2619 καταλειφθῆναι
757 2532 813 2600 καί
833 2529 992 2619 λαβόντες
1015 2527 1059 2610 ώς

109 2630 234 2712 αὐτοὺς
250 2632 306 2700 καὶ
322 2631 579 2718 καρπωσάμενοι
596 2631 676 2699 δέκα
686 2634 741 2718 ἔτη
752 2626 831 2708 τούς
841 2627 1056 2716 ἀνθρώπους,

108 2730 216 2818 ἀρδηυ
233 2729 314 2800 ὅλου
328 2731 365 2799 τὸ
385 2730 604 2818 ἐργαστήριον
619 2729 846 2817 ἀφανίζουσιν.
888 2732 942 2796 καὶ
960 2727 1058 2796 ταῦθ’

109 2827 154 2908 ῶς
170 2827 282 2917 ἀληθῆ
298 2832 400 2917 λέγω,
424 2832 508 2917 λαβέ
525 2856 582 2916 μοι
598 2829 658 2908 τάς
674 2836 857 2917 μαρτυρίας
874 2830 929 2897 καὶ
942 2825 1059 2914 ἀναγί-
1153 2920 1156 2924 ⁴

107 2948 247 3011 γνωσκε.

452 3081 712 3144 ΜΑΡΊῪΡΙΛΙ.
943 3078 946 3083 ‘
1066 3096 1119 3152 ειν

64 3220 98 3276 27
184 3213 256 3284 Ὅτι
271 3222 388 3286 τοίνυν
404 3215 469 3287 οὐκ
485 3216 612 3302 ἀπορος
628 3211 674 3304 ἦν
690 3215 708 3285 δ
721 3215 915 3303 Μοιριάδης
925 3213 998 3284 οὐδ’
1013 3209 1058 3302 ἦν

107 3324 154 3405 τῷ
171 3316 269 3405 πατρὶ
284 3325 382 3385 τοῦτο
400 3319 437 3385 τδ
456 3316 663 3404 συμβόλαιον
680 3321 736 3394 είς
752 3312 969 3403 τάνδράποδα
983 3313 1058 3401 ἠλι-

108 3420 192 3494 θίως
210 3416 500 3502 συμβεβλημένον,
523 3423 664 3504 μεγίστη)
681 3420 846 3502 τεκμηρίῳ
867 3415 1055 3502 γνώσεσθε·
