2370 3854
163 214 226 277 220
361 216 458 272 XXIV.
494 209 914 271 ΔΗΜΟΣΘΕΝΟΤΣ

208 382 350 480 διοίκησις
367 369 456 456 ἱκανὴ
471 375 590 476 γένηται
605 376 655 438 καί
673 377 702 437 εἴ
707 397 786 449 τινος
797 375 876 438 ἐνδει
882 395 957 457 τερος
966 398 1004 436 τα
991 368 1123 437 Πανα-

207 458 323 543 θήναια
339 464 498 546 διοικηθῇ,
518 483 586 535 τους
601 456 758 561 πρυτάνεις
774 450 842 532 τοῦς
859 462 911 539 τῆς
921 460 1124 534 Πανδιονίδος

209 548 333 608 καθίσαι
349 540 568 647 νομοθέτας”
529 567 649 643 αυριον,
670 537 738 616 τοὺς
755 541 788 604 δὲ
803 538 1010 622 νομοθέτας
982 566 1060 605 ειναι
1068 566 1124 605 ενα

208 655 258 691 και
249 630 377 730 χιλίους
388 629 471 691 ἐκ
431 653 490 691 των
501 619 711 707 ὀμωμοκότων,
724 634 952 706 συννομοθετεῖν
963 626 996 690 δὲ
1006 622 1126 707 κοίτην

206 709 338 794 βουλήν]

124 876 159 931 ’λὸ
248 864 489 953 Ἐνεθυμηθητ’
510 864 845 952 ἀναγιγνωσκομένου
862 871 924 933 τοῦ
948 871 1124 953 ψηφίσμα-

166 990 221 1043 τος
239 962 282 1042 ιδς
299 972 454 1049 τεχνικοῖς
471 961 488 1031 ὁ
507 965 650 1051 γράφων
668 962 748 1032 αὐτὰ
766 965 828 1050 τήν
844 966 1006 1050 διοίκησιν
1016 965 1073 1031 καί
1081 959 1121 1030 τδ
1131 968 1183 1027 709

165 1070 224 1147 τῆς
235 1063 350 1147 ἑορτῆς
360 1061 629 1149 προστησάμενος
640 1075 849 1147 κατενενγον,
872 1058 1122 1129 άνελοδντδνέιτ

167 1167 236 1227 τοῖν
246 1158 362 1246 νόμων
371 1161 506 1247 χρόνον,
517 1158 619 1241 αὐτὸς
628 1167 771 1247 ἔγραψεν
781 1160 901 1246 αὔριον
912 1168 1122 1247 νομοθετεῖν,

168 1256 210 1324 οὐ
226 1256 271 1344 μά
282 1256 340 1327 Δί’
360 1255 421 1345 οὐχ
430 1257 477 1327 ἵν’
491 1258 535 1340 ὥς
545 1261 704 1329 κάλλιστα
714 1260 842 1346 γένοιτό
854 1286 885 1327 τι
895 1266 964 1327 τοῖν
975 1260 1050 1343 ιτερλ
1059 1256 1125 1345 τὴν

168 1356 287 1442 ἑορτήν
308 1354 401 1442 (οὐδὲ
418 1359 482 1444 γάρ
498 1352 544 1446 ἦν
558 1356 744 1429 ὑπόλοιπον
762 1357 836 1427 οὐδ’
855 1355 1126 1446 άδιοίκητονόά-

170 1458 255 1540 δέν),
279 1455 352 1524 ἀλλ’
370 1461 426 1524 ἵνα
436 1456 480 1545 μιη
494 1460 766 1544 προαισθομένου
776 1456 918 1544 μηδενὸς
928 1454 1126 1543 ἀνθράκων

169 1551 247 1639 μηδ’
266 1550 479 1635 ἀντειπόντος
487 1567 600 1643 τεθείη
610 1559 666 1625 καὶ
676 1558 804 1642 γένοιτο
816 1557 931 1641 κύριος
941 1552 1054 1634 αὐτοῖς
1065 1552 1126 1625 ὅδε

125 1649 187 1723 υ9ὁ
200 1659 265 1719 νῦν
281 1649 522 1740 ἀγωνιζόμενος
539 1655 651 1742 νόμος.
684 1653 862 1741 τεκμήριον
873 1655 912 1722 δέ
916 1679 924 1692 ·
946 1656 1126 1739 καθιζομέ-

168 1776 239 1817 νων
250 1749 315 1835 γάρ
329 1759 398 1820 τῶν
408 1761 607 1841 νομοθετῶν
616 1756 692 1837 ιτερλ
701 1754 762 1840 μὲν
771 1753 917 1838 τούτων,
927 1750 1128 1841 τῆς-διοική-

169 1870 252 1928 σεως
263 1852 317 1917 καὶ
328 1859 395 1917 τῶν
405 1859 674 1939 Παναθηναίων,
692 1850 769 1919 οὕτε
778 1861 911 1937 χείρονα
920 1850 997 1920 οὕτε
1006 1855 1127 1939 βελτίω

169 1947 276 2032 νόμον
294 1946 407 2016 οὐδέν’
428 1951 621 2038 εἰσήνεγκεν
639 1948 765 2035 οὐδεὶς,
786 1953 860 2037 περὶ
878 1952 915 2019 δὲ
932 1942 982 2018 άν
997 1947 1125 2018 οὔτετδ

168 2048 323 2133 ψήφισμα
340 2050 494 2119 ἐκέλευεν
511 2055 546 2119 οἵ
557 2076 592 2118 τε
603 2051 701 2136 νόμοι
712 2049 895 2136 κωλύουσι,
920 2046 1127 2135 Τιμοκράτης

170 2145 285 2215 οὑτοσὶ
301 2144 385 2216 κατὰ
403 2146 529 2237 πολλὴν
539 2147 680 2237 ἡσυχίαν
691 2152 899 2235 ἐνομοθέτει,
921 2145 1126 2234 κυριώτερον

169 2246 230 2332 μὲν
247 2253 385 2332 νομίσας
401 2247 463 2316 τδν
477 2251 514 2317 ἐκ
530 2256 594 2318 τοῦ
611 2255 820 2336 ψηφίσματος
833 2243 928 2333 ἧτδν
938 2250 976 2315 ἐν
986 2261 1054 2326 τοῖς
1064 2246 1126 2315 νό-

169 2372 243 2433 μοις
265 2350 439 2433 είρημένον
459 2349 600 2435 χρόνον,
625 2345 698 2417 οὐδ’
724 2345 840 2415 ὁτιοῦν
862 2345 898 2413 δὲ
919 2346 1082 2432 φοβηθείς
1097 2349 1129 2415 εί

170 2567 233 2609 νου
250 2569 314 2628 μητ
316 2541 414 2633 ’ἰδία
435 2546 516 2630 μήτε
532 2572 629 2633 κοινη
616 2544 751 2633 μηδὲν
769 2541 932 2631 ἀλλήλους
947 2540 1076 2611 άδιιτεῖν
1088 2546 1126 2611 έν
1148 2596 1152 2601 -

170 2640 277 2728 τούτω
288 2648 336 2728 τῷ
345 2641 473 2731 χρόνῳ,
489 2644 572 2730 μηδὲ
583 2641 822 2764 χρηματίζειν”
801 2668 819 2709 ο
832 2668 863 2710 τι
875 2636 918 2709 άν
927 2668 972 2728 μη
961 2639 1127 2728 πυρίτης

170 2763 284 2824 εορτης
299 2731 337 2826 ᾗ,
359 2738 460 2820 αὐτὸς
476 2767 538 2828 ουχ
549 2768 607 2810 ενα
618 2768 678 2810 τον
688 2768 848 2828 τυχοντα
870 2739 944 2808 ἀλλ’
957 2738 1042 2826 ὅλην
1052 2736 1127 2809 άδι-

126 2844 240 2904 δοκωυ
251 2858 433 2922 φανησεται
443 2865 505 2925 την
516 2840 623 2908 ιτολιν
642 2847 749 2908 καιτοι
760 2865 829 2918 ιιως
840 2864 882 2909 ου
870 2835 1005 2908 δεινον
1015 2837 1126 2911 cloaca

170 2934 231 3018 ὲν
242 2961 321 3015 τους
331 2962 467 3024 νομονς,
475 2963 524 3005 ων
534 2935 634 3028 ολιγω
645 2963 809 3025 προτερον
820 2936 1123 3025 παντεςηκουσατε,

170 3041 307 3120 κυρίους
323 3032 477 3119 ὅντας,ε
461 3034 614 3106 είδόταδ’
627 3064 690 3106 ονκ
702 3036 837 3106 ἑωνθ’”
818 3032 1124 3123 ετεροννάμονψή-

170 3154 276 3219 φισμα
295 3130 411 3218 οὐδεν,
433 3132 547 3203 οὐδΗ
531 3128 780 3222 άνέννομονῇ,
803 3134 1123 3222 νόμουκυρινέτερον

171 3229 270 3318 εἶναι,
288 3230 415 3316 γράψαι
425 3236 481 3302 καί
491 3245 602 3303 θεῖναι
612 3235 720 3321 νόμον
730 3232 808 3320 ὑμῖν
819 3233 902 3302 κατά
914 3237 1086 3323 ψήφισμα,
1103 3228 1124 3300 δ

125 3330 223 3393 81ιιαὶ
239 3327 320 3395 αὐτὰ
338 3329 427 3415 παρά
444 3331 523 3412 τούς
540 3334 666 3420 νόμους
677 3336 850 3419 εἰρημένον
861 3332 949 3421 ᾔδεις
971 3330 994 3420 ἦ
1004 3330 1127 3411 πῶςού

169 3425 317 3507 σχέτλιον
327 3425 390 3512 τὴν
401 3432 462 3512 μὲν
473 3430 572 3498 πόλιν
584 3429 691 3517 αὐτην
702 3432 827 3521 ἑκάστω
839 3430 935 3519 ἡμῶν
946 3434 1127 3499 δεδωκέναι
