2370 3854
181 211 245 272 234
396 211 492 268 XXIV.
514 202 933 267 ΔΗΜΟΣΘΕΝΟΤΣ

183 370 347 458 ἄρχεσθαι
358 367 532 455 σώφρονες
541 368 597 434 καὶ
610 367 744 452 χρηστοὶ
754 369 959 449 νομίζονται,
979 366 1013 430 οί
1022 360 1053 429 δ’
1066 357 1133 431 ῶπό

140 477 174 532 ’16
184 479 252 538 τῶν
268 465 468 553 ὀλιγαρχιῶν
484 463 648 550 ἄνανδροι
664 466 719 531 καὶ
735 467 860 532 δοῦλοι.
893 461 989 546 εὕροι
1009 461 1073 549 μὰρ
1091 457 1137 530 ὀιυ

183 564 374 654 ῶςᾶληθῶς
384 573 481 634 τοῦτο
493 561 765 652 προχειρότατον,
785 561 923 629 ὅτιτῶν
939 560 1001 647 μὲν
1017 563 1055 630 έν
1065 573 1137 641 ταῖς

182 664 383 751 ὀλιγαρχίαις
393 664 529 740 ἕκαστος
539 661 644 730 καὶτὰ
661 662 875 748 πεπραγμένα
885 668 987 728 λῦσαι
994 662 1050 728 καί
1061 660 1137 744 περὶ

181 772 251 831 τῶν
260 758 629 850 μελλόντωυδῶναότῷ
636 758 1136 848 δοκῇπροστόξαικύριόςέστιν,

183 868 217 930 οί
226 863 261 930 δὲ
271 863 371 948 νόμοι
381 863 456 946 περὶ
467 869 535 928 τῶν
545 860 737 945 μελλόντων
748 857 770 927 δι’
781 857 843 946 χρῇ
856 867 1034 946 γίγνεσθαι
1045 858 1136 945 φρά-

182 967 290 1044 ζουσι,
312 958 393 1045 μετὰ
410 966 473 1025 τοῦ
487 971 598 1025 πεῖσαι
613 961 767 1036 τεθέντες
788 955 832 1036 ῶς
851 964 1047 1026 συνοίσουσι
1067 971 1135 1036 τοῖς

182 1060 369 1145 χρωμένοις.
403 1055 607 1143 Τιμοκράτης
616 1058 1084 1144 τοίνυυένδημοκρατουμένη
1094 1063 1134 1143 τῇ

183 1155 278 1225 πόλει
299 1163 496 1242 νομοθετῶν
515 1155 576 1240 την
597 1157 634 1223 ἐκ
655 1163 716 1241 τῇς
735 1152 924 1241 ὀλνμαρχίας
940 1154 1073 1223 ἀδικίαν
1090 1161 1137 1233 είς

183 1255 244 1323 τόν
255 1253 363 1323 αὑτοῦ
380 1254 488 1342 νόμον
504 1253 697 1341 μετήνεγκε,
712 1255 767 1320 καλ
784 1255 859 1338 τερὶ
869 1260 937 1321 τῶν
947 1261 1162 1339 παρεληλυτ

183 1351 415 1424 θότωναότόν
431 1351 637 1440 κυριῶτερον
647 1360 715 1420 τῶν
726 1351 961 1438 καταγνόντων
971 1356 1137 1420 δικαστῶν

184 1451 454 1541 ἦξίωσεποιῇσαι.

141 1562 174 1618 77
268 1552 335 1618 Καὶ
346 1549 387 1618 οὐ
398 1559 497 1618 τοῦτο
509 1550 616 1635 μόνον
627 1547 1034 1639 πεποίηκενῶβριστικόν,
1051 1547 1136 1618 ἄλλό

99 1642 101 1646 ’
185 1653 241 1718 καὶ
251 1654 447 1736 γέγραπται,
470 1644 494 1735 ῇ
503 1647 540 1716 τό
553 1645 673 1717 λοιπόν
685 1648 747 1716 ἐόν
765 1675 832 1716 τινι
848 1655 1059 1737 προστιμηθῇ
1081 1653 1138 1716 δε-

186 1741 905 1835 σμοῶ,είναικαταστῇσαυτιτούςέγμυητοὶς,ῇ
912 1747 1135 1835 μήνέκτίσειυ,

184 1844 353 1931 ὀμεῖσθαι.
385 1852 493 1913 καίτοι
510 1854 597 1932 χρῇυ
613 1845 734 1928 αὐτόν,
755 1853 786 1915 εί
799 1844 837 1913 τό
856 1847 1012 1914 δεδέσθαι
1024 1845 1137 1914 δεινὸν

183 1943 304 2030 ἡγεῖτο,
316 1946 434 2030 μηδενὶ
444 1952 632 2031 προστιμᾶν
655 1940 692 2022 ὀς
709 1939 753 2012 ὀῖν
774 1941 855 2030 ὑμίν
865 1943 1025 2033 ἐγγυητὰς
1036 1955 1138 2013 καθι-

185 2050 246 2130 στῇ
268 2046 394 2128 δεσμοῦ
403 2042 690 2131 νομοθετῇσαημῇ
703 2043 914 2131 προλαβόντα
928 2045 1138 2130 κατεγνωκό-

183 2168 241 2220 τας
261 2138 348 2230 όμοῖς
369 2139 431 2211 τόν
455 2141 581 2230 δεσμόν
597 2140 675 2230 μηδ’
688 2145 818 2229 ἐχθρῶς
839 2147 1032 2211 διατεθέντα
1054 2142 1137 2227 πρὸς

183 2237 270 2326 ὑμᾶς
286 2240 348 2311 τόν
367 2240 521 2328 ἡλωκότα
536 2249 717 2330 τηνικαῠτα
735 2254 842 2311 ποιεῖν
858 2240 921 2329 τὴν
931 2241 1136 2329 ἐξεγγύησιν.

184 2342 262 2408 νυνί
273 2339 317 2427 δ’,
328 2340 442 2426 ῶσπερ
451 2342 704 2428 ἐνδεικνύμενος
710 2340 771 2428 ότι,
780 2338 844 2410 κόἱν
855 2338 939 2428 ὑμῖν
948 2346 1031 2429 δοκῇ
1044 2345 1138 2409 δεδό-

184 2448 268 2505 σθαι
277 2438 369 2526 τινὰ,
391 2438 646 2527 αότόςόφῇσει,
668 2449 789 2508 τοῦτον
798 2439 859 2508 τόν
868 2441 996 2526 τρόπον
1006 2439 1138 2509 τόυνό-

141 2549 174 2605 78
183 2561 248 2621 μον
259 2537 460 2623 είσηνεμκεν.
494 2531 543 2622 αἶρ’
558 2532 624 2606 οὖν
633 2565 679 2627 τηι
690 2544 782 2608 δοκεῖ
795 2541 1030 2628 σνμφέρειντῇ
1040 2538 1139 2607 πόλει

183 2643 333 2714 τοιοῦτος
343 2635 445 2723 νόμος
462 2633 499 2716 ὃς
509 2640 723 2722 δικαστηρίου
733 2636 888 2721 μνῶσεως
898 2633 1137 2723 αότόςκνριῶ-

183 2758 278 2816 τερος
288 2737 379 2800 ἔσται
390 2732 515 2813 καὶτὰς
526 2732 592 2803 ὑπὸ
604 2743 672 2801 τῶν
682 2731 909 2820 ὀμωμοκότων
917 2733 1058 2819 μνῶσεις
1069 2751 1139 2816 τοῖς

184 2827 370 2915 ἀνωμότοις
380 2831 557 2917 προστάξει
568 2832 678 2911 λόειυ;
701 2831 765 2917 ὀχῶ
782 2831 918 2918 μὲνοόκ
927 2831 1026 2920 οἶμαι.
1056 2843 1138 2920 φαί-

184 2955 276 2996 νεται
295 2936 412 2997 τοίνυν
434 2928 452 2998 ὁ
474 2931 598 2999 τούτου
620 2932 722 3017 νόμος
738 2929 831 2998 ταῦτ’
852 2937 937 3018 ἔχων
953 2930 1134 3018 ἀμφότερα.

184 3024 263 3095 ὥστ’
272 3037 363 3112 είπερ
374 3025 471 3114 ὑμῶν
481 3030 608 3119 ἑκάστω
619 3033 710 3116 μέλει
719 3038 815 3117 τιτῇς
824 3037 990 3111 πολιτείας
999 3033 1055 3099 καὶ
1067 3035 1137 3098 δεῖν

184 3136 286 3196 οίεται
296 3133 417 3217 κυρίαν
424 3126 509 3197 εἶναι
518 3127 580 3217 τὴν
590 3129 697 3197 αὑτοῦ
707 3128 845 3215 γνῶμην
856 3130 931 3216 περὶ
938 3121 1138 3215 ῶνοῖνόμω-

182 3225 293 3310 μοκοὶς
309 3234 507 3314 ψηφίσηται,
533 3232 647 3307 λυτέος
664 3230 720 3296 καὶ
737 3225 799 3295 οὐκ
816 3231 926 3306 ἐατέος
950 3224 968 3294 ὁ
986 3236 1137 3308 τοιοῦτος

182 3323 284 3409 νόμος
298 3326 414 3409 κύριος
423 3330 501 3395 νυνί
511 3331 676 3412 γενέσθαι.

139 3425 173 3483 79
267 3420 322 3489 Οὐ
334 3430 450 3491 τοίνυν
461 3422 647 3511 ἀπέχρησεν
657 3423 747 3516 αὐτῷ
760 3425 801 3493 τὰ
812 3427 1008 3514 δικαστήρια
1025 3424 1136 3510 ἄκυρα
