2370 3854
240 227 387 291 ΚΑΤΑ
405 227 868 294 ΑΡΙΣΤΟΚΡΑΤΟΤΣ.
965 231 1026 298 187

71 415 137 459 νυν
146 397 232 474 ἴστε,
246 381 273 456 ά
284 386 404 474 ἄνδρες
411 385 583 476 Ἀθηναῖοι
590 439 600 473 ,
613 388 664 456 ὅτι
675 390 890 480 ἐξηπάτησθε.
913 394 970 463 καὶ
982 391 1025 462 δι’

71 484 141 573 άγε
154 485 288 567 εἰκότως
298 495 397 555 τούτο
409 485 694 574 πεπόνθατε,ἕγώ
706 486 789 575 πρὸς
798 488 886 578 ὑμᾶς
897 491 1027 578 φράσω.
1123 494 1129 572 ζ

69 584 137 673 ὅτι,
160 578 516 674 άάνσρεςἈθηναῑοι,
539 585 645 669 πολλοὶ
664 586 1028 675 γιγνύσκοντεςύρθοῐς

10 699 59 756 146
68 682 162 770 ὑμεῖς
173 683 215 752 ού
227 683 281 753 διά
292 688 408 765 τέλους
419 682 532 764 αὐτοῖς
542 694 678 775 χρῆσθε.
703 684 776 757 οἷον
786 696 821 758 τί
827 691 1028 774 λέγωςείτις

68 781 155 870 ὑμᾶς
175 789 282 870 ἔροιτο
299 790 334 852 τί
346 783 576 871 πονηρότατον
592 791 738 872 νομίζετε
754 794 822 855 τῶν
832 789 921 877 ίντή
932 787 1026 855 πόλει

68 881 206 951 πάντων
223 886 353 970 ἐθνῶν,
376 881 455 953 ούτε
472 882 552 964 τούς
562 883 732 971 γεωργούς
743 884 822 954 ούτε
833 885 911 965 τούς
921 885 1026 972 ἐμπύ-

68 1006 149 1065 ρους
160 978 239 1049 ούτε
249 979 328 1060 τούς
343 985 379 1050 ἐν
394 991 464 1051 τῶν
478 980 665 1070 ἀργυρείων
682 983 760 1054 ούτε
778 993 847 1054 τῶν
862 985 1025 1052 τοιούτων

69 1076 170 1146 οὐδὲν
192 1073 236 1147 άν
252 1089 391 1167 εἴποιτε,
414 1077 488 1149 ἀλλ’
507 1087 538 1150 εί
552 1079 631 1160 τούς
647 1084 700 1152 ἐπὶ
716 1091 830 1173 μισθῷ
846 1085 955 1171 λέγειν
971 1085 1026 1150 καὶ

67 1179 212 1264 γράφειν
223 1177 384 1258 είωθότας
394 1187 482 1247 είποι
491 1205 556 1264 τις,
574 1172 615 1247 εύ
624 1177 689 1247 οἶδ’
703 1179 755 1249 ὅτι
766 1179 969 1268 συμφήσαιτ’
981 1177 1026 1248 άν

67 1274 219 1355 ἅπαντες.
249 1280 343 1362 μέχρι
352 1279 414 1362 μὲν
425 1275 466 1363 δή
477 1276 599 1345 τούτου
609 1284 719 1356 καλῶς
729 1279 910 1365 ἐγνώκατε,
924 1277 1024 1349 ἔπειτ’

9 1397 59 1456 147
67 1373 177 1443 οὐκέτ’
191 1371 305 1461 ὀρθῶς
315 1371 352 1442 τὰ
364 1373 490 1443 λοιπόν.
524 1371 583 1453 οὓς
594 1373 659 1459 γάρ
670 1372 766 1443 αύτολ
776 1375 1025 1462 πονηροτάτους

67 1478 214 1560 νομίζετε
225 1472 377 1560 πάντων,
399 1472 530 1554 τούτοις
540 1475 687 1560 περὶτοῦ
696 1473 794 1542 ποῖόν
804 1471 871 1542 τιν’
883 1475 1025 1543 ἕκαστον

66 1568 128 1658 χρή
145 1577 290 1659 νομίζειν
299 1573 551 1641 πεπιστεύκατε·
573 1577 607 1641 ολ
616 1570 649 1642 δ’
659 1569 703 1641 ’ὃν
713 1570 757 1641 άν
770 1570 883 1652 αύτοϊς
893 1582 1025 1640 λυσιτε-

67 1677 125 1757 λή,
147 1671 204 1737 καλ
219 1671 365 1756 χρηστὸν
382 1675 437 1740 καλ
456 1669 609 1759 πονηρὸν
620 1671 834 1759 εἶναίφασιν,
859 1666 1024 1757 ούχὸνάν

65 1763 88 1859 ή
100 1774 228 1838 δίκαιον
239 1772 294 1839 παλ
305 1768 436 1858 ἀληθές.
459 1769 541 1855 ὅπερ
553 1771 750 1859 πεποιήκασι
760 1768 820 1839 τὸν
829 1775 1024 1857 Χαρίδημον

64 1876 187 1937 τούτου
196 1874 231 1938 ολ
239 1869 375 1958 ῥήτορες
386 1871 494 1939 πάντα
504 1867 565 1940 τὸν
575 1870 708 1958 χρόνον,
719 1867 764 1949 ὡς
774 1871 829 1938 καλ
840 1868 933 1956 ὑμεῖς
942 1868 1026 1956 ὁμο-

66 1969 233 2055 λογήσετε,
246 1969 381 2039 ἐπειδάν
391 1967 558 2058 ἀκούσητέ
566 1996 632 2057 μου
642 1969 683 2038 τά
694 1976 909 2057 πεπραγμένα
920 1968 1019 2061 αύτῷ.

10 2091 57 2149 ιςρ
143 2064 225 2135 Ὅσα
241 2069 303 2155 μὲν
320 2069 360 2155 δή
380 2069 579 2155 στρατιώτης
597 2065 645 2137 τάν
660 2073 697 2136 ἐν
714 2069 946 2156 σφενδονήτου
967 2070 1023 2137 καὶ

65 2174 169 2248 ψιλοῦ
186 2170 278 2253 μέρει
294 2165 331 2234 τό
349 2164 409 2233 ἀπ’
428 2164 530 2253 ἀρχῆς
541 2171 673 2236 ἐναντία
685 2167 896 2251 ἐστράτευται
907 2177 947 2256 τῇ
958 2168 1024 2235 πύ-

66 2274 133 2348 λει,
152 2263 194 2331 ού
205 2271 321 2349 τίθημι
331 2267 367 2329 ἐν
378 2263 578 2348 ἀδικήματος
589 2266 696 2350 μέρει,
719 2263 793 2331 οὐδ’
806 2262 857 2331 ὅτι
867 2264 1024 2353 ληστιιιύν

67 2388 147 2430 ποτε
165 2369 283 2429 πλολον
300 2365 384 2446 ἔχων
402 2361 528 2449 ἐλῄζετο
539 2358 618 2440 τούς
628 2359 809 2448 ὑμετέρους
820 2363 1021 2450 συμμάχους,

67 2461 136 2530 ἀλλ’
147 2465 191 2529 ἑοῖ
199 2468 311 2530 ταῦτα.
325 2456 380 2528 διὰ
388 2465 421 2526 τί
425 2488 434 2542 3
447 2456 510 2544 ὅτι,
519 2450 546 2524 ά
553 2453 674 2544 ἄνδρες
682 2456 864 2547 Ἀθηναῖοι,
873 2463 910 2527 αί
918 2456 1024 2544 άναγ-
1140 2466 1150 2477 ”

66 2571 158 2626 παῖαι
169 2571 274 2644 χρεῖαι
285 2558 365 2639 τοὺς
375 2563 437 2625 τού
443 2563 477 2624 τί
483 2552 676 2645 πραπτέονή
689 2553 734 2643 μή
742 2554 921 2644 λογισμούς
927 2553 1024 2624 άυαι-
1072 2613 1075 2617 .

66 2664 185 2740 ρούσιν
196 2653 355 2742 ἅπαντας,
369 2653 449 2722 ὥστ’
462 2653 505 2723 ού
516 2653 607 2723 πάνυ
617 2662 721 2723 ταῦτα
733 2653 1026 2742 ἀκριβολογεῖσθαι
1035 2677 1088 2734 669

66 2760 120 2823 δεῖ
131 2754 192 2822 τὸν
210 2759 344 2834 δικαίως
361 2754 558 2835 ἐξετάζοντα.
591 2751 665 2823 ἀλλ’
683 2752 769 2822 ὅθεν
779 2750 961 2840 άρξάμενος
972 2757 1025 2834 ξε-

67 2861 182 2938 ναγῶν
198 2852 263 2940 ήδη
279 2863 339 2923 καί
353 2881 455 2923 τινων
472 2852 584 2941 άρχων
596 2861 806 2941 στρατιωτῶν
816 2860 927 2933 κακῶς
937 2849 1023 2939 ὑμᾶς

10 2970 58 3030 149
66 2956 186 3036 ἐποίει,
207 2951 299 3021 ταῦτ’
324 2951 491 3022 άιιούσατί
508 2978 583 3041 μον.
617 2945 715 3033 οὗτος
732 2956 770 3020 ἓν
788 2951 850 3039 μὲν
865 2949 1024 3020 ἁπάντων

66 3057 217 3136 πρῶτον,
238 3053 424 3137 μισθωθεὶς
440 3048 505 3119 ὑπὸ
517 3049 722 3139 Ἰφικράτους
739 3051 795 3118 καλ
812 3043 939 3134 πλεῑνή
950 3055 1024 3135 τρία

66 3154 121 3234 ἔτη
139 3148 395 3236 μισθοφορήσας
411 3149 493 3235 παρ’
512 3154 643 3238 ε’νείνφ,
666 3145 776 3235 ἐπειδή
795 3145 856 3215 τὸν
872 3145 1022 3232 μλνἸφι-

66 3248 193 3334 κράτην
204 3245 457 3336 ἀποστράτηγον
469 3248 652 3335 ἐποιήσατε,
667 3246 835 3333 Τιμόθεον
846 3243 878 3312 δ’
890 3239 937 3312 ἐπ’
948 3241 1025 3330 Ἀμ-

67 3355 205 3433 φίπολιν
222 3350 277 3414 καλ
288 3347 503 3433 Χερρόνησον
514 3349 712 3433 ἐξεπέμψατε
724 3339 921 3430 στρατηγὸν,
932 3350 1024 3428 προδ-

65 3470 126 3514 τον
134 3447 196 3532 μὲν
205 3442 536 3534 τούςἈμφιπολιτῶν
544 3443 699 3535 ὁμήρους,
709 3440 768 3523 οὒς
776 3437 1025 3528 παρ’*Αρπάλου
