2370 3854
331 241 470 302 ΠΡΟΣ
494 239 793 300 ΛΕΠΤΙΝΗΝ.
993 239 1034 300 45

84 405 181 470 πέντε
202 398 331 470 τάλαντ’
345 398 531 468 άποδοῦναι
559 403 727 485 γέγραφεν
744 391 843 480 οὗτος
861 398 907 479 άς
926 423 1034 485 παρα-

86 501 200 588 σχόντι
210 515 280 579 τοῖς
297 502 333 567 έν
343 506 494 584 Πειραιεῖ
501 503 562 565 τοῦ
581 498 706 584 δήμου,
718 501 773 566 καὶ
792 507 903 577 καλῶς
923 502 1032 566 ἐποίει.

85 599 129 685 μὴ
140 604 257 666 τοίνυν
268 595 289 663 ά
301 596 361 682 μέν
371 589 414 682 ἦν
426 593 615 681 άμάρτυρα,
637 593 726 662 ταῦτ’
741 597 792 664 ἐπὶ
802 605 844 684 τῇ
853 605 915 663 τοῦ
926 598 1035 682 δήμου

86 696 251 783 προφάσει
264 693 318 762 διά
329 704 392 762 σοῦ
404 694 566 780 δεδόσθω,
580 687 630 762 ὦν
641 693 673 761 δ’
686 691 814 773 αῦτόςὸ
828 698 931 780 δῆμος
948 718 1034 780 μαρ-
1133 693 1136 698 ’

86 800 200 877 τυρίας
216 799 352 880 ἔστησεν
368 796 406 860 έν
427 807 495 872 τοῖς
513 797 612 876 ἱεροῖς
628 791 822 880 ἀναγράψας
839 795 893 861 καί
916 794 1035 870 πάντες

87 900 251 978 συνίσασι,
265 889 355 960 ταῦτ’
367 889 551 977 άφελέσθαι
562 899 730 974 παραίνει·
754 888 830 977 μηδ’
844 889 944 969 αὐτὸς
955 898 1035 976 φαί-

87 1019 150 1060 νου
161 993 201 1060 τά
219 990 249 1059 τ’
263 989 463 1078 ὀφειλόμενα
480 989 524 1070 ὡς
540 987 726 1058 ἀποδοῦναι
737 994 787 1057 δεῖ
795 989 936 1075 γράφων
947 989 1035 1056 καίά

86 1119 136 1171 τις
145 1093 235 1173 παρά
246 1098 306 1159 τοῦ
314 1091 420 1177 δήμου
435 1089 634 1176 κεκόμισται,
643 1087 735 1157 ταῦτ’
749 1087 933 1175 ἀφελέσθαι
948 1112 1034 1170 παρ·

28 1205 78 1260 150
87 1199 198 1258 αινῦν.
232 1192 288 1258 καὶ
310 1190 376 1278 μὴν
387 1189 470 1277 πρός
490 1215 528 1275 γε
538 1189 774 1275 Κηφισόδοτον
784 1184 917 1255 τοσοῦτ’
931 1183 975 1255 άν
986 1196 1034 1255 εί·
1078 1197 1081 1201 ’

86 1315 189 1375 ποιμι.
218 1281 316 1367 οὗτός
328 1280 683 1372 ἐστινοῦδενὸςῆττον,
703 1279 730 1355 ὦ
750 1283 1034 1372 άνδρεςἈθηναῖ-

87 1415 134 1475 οι,
148 1398 215 1456 τῶν
226 1389 395 1472 λεγόντων
408 1385 515 1463 δεινὸς
527 1391 639 1452 εἰπεῖν.
672 1383 759 1451 πολῦ
770 1389 885 1450 τοίνυν
896 1383 1033 1450 κάλλιον

87 1494 127 1574 τῇ
151 1484 311 1570 δεινότητι
335 1483 439 1572 ταῦτη
459 1492 605 1570 χρῆσθαι
625 1479 725 1551 έπὶτὸ
737 1481 816 1562 τούς
835 1479 1093 1560 άδικοῦνταςξιθδ

87 1583 174 1670 ὑμᾶς
185 1579 368 1670 κολάζεινῆ
381 1582 460 1662 τοῦς
469 1580 603 1667 άγαθοῦ
615 1579 704 1660 τινὸς
716 1587 839 1659 αἰτίους
852 1578 985 1648 ἀδικεῖν.
1006 1586 1035 1647 εί
1118 1646 1121 1651 .

87 1682 151 1768 γάρ
164 1680 419 1770 ἀπεχθάνεσθαί
426 1702 491 1750 τισι
508 1688 573 1766 δεῖ,
592 1696 658 1760 τοῖς
676 1680 830 1749 άδικοῦσι
844 1679 904 1747 τὸν
916 1683 1032 1765 δῆμον,

28 1779 130 1850 15].οά
149 1796 216 1860 τοῖς
234 1780 366 1866 άγαθόν
383 1809 414 1849 τι
431 1789 586 1849 ποιοῦσιν
598 1786 700 1866 έγωγε
711 1785 831 1865 νομίζω
842 1782 920 1846 δεῖν.
953 1776 1033 1863 πρὸς

88 1887 204 1948 τοίνυν
213 1887 368 1948 Δεινίαν·
391 1872 489 1959 οὗτος
511 1890 589 1958 ἴσως
611 1884 682 1966 έρεῖ
697 1886 907 1966 τριηραρχίας
929 1875 1033 1945 αὑτοῦ

88 1981 143 2044 καὶ
159 1984 372 2064 λειτουργίας.
406 1976 469 2063 έγά
489 1976 532 2062 δ’,
556 1987 587 2047 εί
601 1987 729 2046 πολλοῦ
740 1986 781 2067 τῇ
797 1978 892 2045 πόλει
901 1986 1035 2056 Δεινίας

89 2075 181 2156 άξιον
193 2074 297 2145 αὑτὸν
308 2079 529 2164 παρέσχηκεν,
549 2075 593 2157 ὡς
608 2083 720 2165 ἔμοιγε
730 2083 823 2145 δοκεῖ
832 2077 872 2165 νη
884 2076 963 2156 τοὺς
974 2087 1036 2144 θε-

89 2175 163 2258 οὺς,
186 2185 313 2261 μάλλον
330 2171 374 2245 άν
390 2181 623 2262 παραινέσαιμι
639 2175 731 2266 αὐτῷ
745 2173 819 2243 τινά
836 2173 933 2261 τιμὴν
950 2173 1037 2260 ὑμᾶς

89 2273 206 2354 άξιοῦν
229 2279 348 2341 δοῦναι
367 2270 460 2360 ἢτάς
479 2278 600 2360 ἑτέροις
611 2275 775 2357 πρότερον
787 2279 942 2349 δοθείσας
953 2272 1037 2355 άφε-

90 2377 208 2438 λέσθαι
219 2370 386 2437 κελεύειν·
410 2368 496 2437 πολῦ
507 2369 571 2454 γάρ
581 2366 880 2456 βελτίονοςάνδρός
887 2372 975 2436 ἐστιν
988 2366 1035 2453 ἐφ’

90 2464 138 2546 οἷς
149 2465 249 2547 αῦτὸς
261 2461 300 2535 εὖ
311 2475 489 2555 πεποίηκεν
505 2467 622 2550 ἀξιοῦν
638 2472 797 2554 τιμᾶσθαι
813 2464 894 2555 η’ἐφ
908 2463 957 2548 οἷς
968 2468 1036 2536 έτε-

30 2589 80 2641 152
90 2592 141 2648 ροι
152 2565 348 2654 ποιήσαντες
359 2566 564 2654 ἐτιμήθησαν
577 2576 729 2653 φθονεῖν.
752 2564 772 2635 δ
784 2570 818 2634 δὲ
830 2564 870 2653 δὴ
883 2569 1038 2654 μέγιστον

90 2664 317 2734 ἁπάντωνκαὶ
335 2653 450 2734 κοινὸν
463 2662 603 2752 ὑπάρχει
619 2666 702 2733 κατὰ
719 2665 855 2734 πάντων
876 2674 943 2732 τῶν
954 2687 1038 2732 σνν-

91 2770 209 2832 δίκοεν·
231 2765 360 2832 τούτων
382 2765 541 2843 πολλάκις
561 2761 607 2844 εἷς
629 2768 764 2843 ἕκαστος
785 2765 952 2848 πρότερόν
972 2785 1038 2831 τισι

90 2863 257 2949 πράγμασι
279 2862 436 2943 σύνδικος
456 2865 603 2950 γέγονενι
647 2871 715 2932 έστι
736 2864 771 2932 δέ
793 2866 857 2932 καί
869 2860 940 2950 μάλ’
955 2870 1038 2949 ἔχων

91 2963 192 3046 νόμος
214 2959 293 3047 ὑμῖν
314 2969 438 3046 καλάς,
457 2960 520 3029 οὐκ
541 2965 593 3031 έπὶ
614 2960 743 3040 τούτοις
752 2965 877 3046 τεθεὶς,
895 2960 963 3028 ἀλλ’
981 2967 1037 3028 ἵνα

90 3058 134 3146 μὴ
146 3058 183 3128 τό
195 3067 329 3147 πρᾶγμα
340 3061 450 3148 ὥσπερ
469 3065 602 3148 έργασία
619 3064 705 3138 τισὶν
721 3055 743 3149 ᾖ
753 3063 808 3130 καὶ
820 3066 1036 3144 συκοφαντία,

91 3155 134 3244 μὴ
157 3161 276 3238 ἐξεῖναι
297 3156 362 3228 ὑπὸ
386 3169 449 3228 τοῦ
471 3160 579 3246 δήμου
607 3161 882 3244 χειροτονηθέντα
904 3165 997 3224 πλεῖν
1016 3152 1038 3242 ἢ

32 3255 177 3336 153άπαξ
198 3260 402 3342 συνδικῆσαι.
442 3255 521 3335 τοῦς
544 3255 584 3342 δὴ
606 3263 831 3340 συνεροῦντας
852 3254 960 3345 νόμῳ,
984 3258 1039 3322 καὶ

93 3355 285 3434 διδάξοντας
310 3352 395 3440 ῦμάς
423 3353 466 3435 ὣς
492 3352 673 3442 ἐπιτήδειός
697 3357 796 3438 έστιν,
824 3352 946 3432 αὐτοὺς
970 3367 1047 3439 τοῖς

93 3449 278 3538 ὑπάρχουσι
290 3453 405 3538 νόμοις
420 3458 473 3520 δεῖ
486 3456 709 3535 πειθομένους
725 3456 921 3537 φαίνεσθαι·
955 3456 985 3518 εί
1002 3453 1037 3517 δὲ
