2370 3854
313 209 454 272 ΙΙΡΟΣ
471 210 580 270 ΛΠΑ
589 209 747 272 TOYPI
751 211 828 272 ΟΝ.
983 209 1045 274 385

95 391 167 453 σαις
187 374 242 441 καί
262 368 324 457 τήν
346 369 469 455 ἐγγύην
488 365 593 437 αύτδν
615 368 788 452 εἰσπράξας
808 369 869 456 τήν
904 381 951 456 είς
983 367 1046 458 τήν

95 471 257 556 τράπεζαν
268 468 351 554 πρός
362 467 558 554 άπέχθειαν,
580 472 616 533 τί
623 467 837 552 προσεδόκων
847 465 912 538 ὑπό
924 470 1046 538 τούτου

95 566 393 649 αύτδςπείσεσθαις

50 687 86 741 29
168 667 282 747 Ἄξιον
298 671 413 733 τοίνυν
430 665 486 732 καὶ
501 661 595 731 τοῦτ’
612 665 862 752 ἐνθυμηθῆναι,
884 658 912 732 ῶ
927 665 1047 752 ἄνδρες

94 766 258 848 δικασταὶ,
281 761 333 832 ότι
348 759 410 829 ούκ
427 759 471 830 άν
481 785 560 829 ποτε
571 765 705 846 ἔξαρνος
714 761 892 849 ἐγενόμην,
934 769 964 830 εί
983 763 1047 849 ἠγ-

93 862 241 949 γυήμην·
262 859 349 928 πολύ
364 856 429 944 γάρ
445 856 575 944 όῖόγος
582 851 627 946 ἠν
637 885 692 945 μοι
702 859 913 946 ἰσχυρότερος
923 858 1046 947 ὁμολο-

93 967 211 1044 γοῦντι
227 955 290 1046 τήν
306 957 431 1043 ἐγγύην
442 959 496 1026 ἐπὶ
506 956 564 1037 τάς
575 958 749 1044 συνθήκας
760 963 859 1046 ίέναι,
882 957 964 1028 καθ’
975 947 1044 1045 άςή

94 1053 253 1142 ε’πιτροπή
272 1055 409 1141 ἐγένετο.
441 1054 493 1123 ότι
508 1054 569 1141 μὲν
585 1055 649 1141 γάρ
667 1061 773 1142 τρισὶν
784 1057 948 1146 ἐπετράπη
960 1063 1046 1126 διαι-

97 1170 203 1243 ιηταῖς
219 1154 463 1243 μεμαρτύρηται
480 1150 575 1239 ὑμῖν·
594 1150 692 1220 ὁπότε
705 1156 739 1223 δὲ
750 1156 794 1241 μή
806 1162 967 1240 ἔγνωσται
978 1153 1043 1225 ὑπὸ

94 1264 163 1322 τῶν
179 1261 298 1341 τριῶν,
319 1258 353 1320 τί
365 1251 570 1339 βουλόμενος
585 1249 760 1338 ἠρνούμην
777 1249 821 1322 άν
833 1253 894 1340 τήν
906 1256 1106 1342 ἐγγύηνςθω

95 1353 139 1440 μή
157 1351 220 1437 γάρ
241 1352 421 1436 γενομένης
437 1356 495 1434 τής
510 1350 664 1434 γνώσεως
680 1347 763 1417 κατά
784 1347 843 1428 τάς
864 1353 1045 1438 συνθήκας,

95 1449 168 1519 οὐδ’
193 1447 236 1519 ῶν
257 1447 322 1535 ε’γῶ
343 1455 400 1534 τῆς
421 1448 541 1535 ἐγγύης
560 1443 720 1526 ὑπόδικος
736 1441 788 1533 ἠν.
821 1446 904 1515 ῶστε
922 1447 983 1516 ούκ
1002 1450 1046 1517 άν

94 1573 191 1632 ποτε,
213 1541 240 1616 ῶ
258 1547 377 1631 άνδρες
395 1545 561 1629 δικασταὶ,
582 1542 779 1628 παραλιπῶν
798 1544 861 1632 τήν
872 1538 979 1613 ούσάυ
990 1573 1047 1633 μοι

95 1644 295 1732 ἀπολογίαν,
307 1651 338 1712 εί
347 1642 581 1730 ἠγγυησάμην,
594 1643 647 1710 ἐπὶ
656 1642 694 1711 τό
706 1641 882 1728 ἀρνεῖσθαι
891 1636 1010 1731 ἦλθον.

50 1761 86 1815 30
175 1741 270 1813 ’And
279 1740 345 1829 μήν
353 1746 513 1809 καὶτοῦτο
522 1741 768 1827 μεμαρτύρηται
776 1737 865 1827 ὑμῖν,
875 1740 925 1809 ότι
934 1742 1045 1829 ἐπειδή

92 1842 331 1930 ἠφανίσθησαν
348 1845 384 1908 αί
400 1849 569 1928 συνθῆκαι
587 1837 652 1908 ὑπὸ
664 1841 810 1922 τούτων,
833 1840 967 1928 ἐζήτουυ
978 1842 1046 1910 ἑτέ-

94 1968 152 2026 ρας
163 1939 354 2027 γράφεσθαι
363 1931 525 2035 οάτοςκαί
536 1938 554 2008 ὁ
565 1945 766 2028 Παρμένων,
784 1938 828 2021 ῶς
839 1939 974 2029 άκύρωυ
986 1940 1046 2013 όν-

93 2066 161 2107 των
171 2037 282 2117 αὐτοῖς
292 2048 361 2108 τῶν
369 2040 533 2126 πρότερον
542 2035 812 2126 ὡμολογημένων.
831 2048 937 2109 καίτοι
946 2037 1045 2109 ὁπότε

95 2138 169 2221 περὶ
177 2144 235 2221 τῆς
243 2137 426 2223 μελλούσης
436 2138 798 2224 γνῶσεωςγενήσεσθαι
807 2141 917 2224 ἑτέρας
926 2143 1046 2223 ἐνεχεί-

95 2259 180 2316 ρουν
189 2231 568 2318 συνθήκαςγράφεσθαι,
577 2234 686 2320 ἐπειδὴ
695 2238 731 2302 αἱ
737 2232 943 2322 ὑπάρχουσαι
953 2234 1047 2303 άπῶ-

96 2341 210 2414 ίουτο,
233 2337 303 2406 πῶς
319 2331 398 2414 ἐνῆν
414 2329 458 2415 μή
475 2338 666 2416 γραφεισῶν
685 2340 867 2417 συνθηκῶν
883 2334 1005 2420 ἐτέρων
1024 2320 1047 2419 ἠ

96 2435 223 2498 δίαιταν
233 2429 390 2513 γενέσθαι
400 2422 422 2514 ἠ
432 2426 569 2514 ἐγγύηυ;
579 2431 654 2517 περὶ
664 2426 770 2496 αύτοῦ
776 2428 840 2514 γάρ
849 2429 969 2499 τούτου
979 2434 1049 2498 διε-

95 2528 269 2612 νεχθέντες
284 2521 346 2593 ούκ
364 2530 512 2612 ἔγραψαν
524 2527 619 2611 ἔτερα
629 2527 820 2614 γράμματα,
843 2526 934 2615 ὁμὲν
946 2527 1047 2607 ἀξιῶν

94 2627 154 2693 ἕνα
171 2621 340 2712 διαιτητὴν
356 2622 448 2715 αὑτῶ
458 2623 558 2710 εἶναι,
580 2622 647 2693 δδέ
657 2640 751 2713 τρεῖς.
785 2624 884 2694 ὁπότε
896 2624 928 2693 δ’
941 2632 978 2693 αί
985 2626 1047 2711 μὲν

94 2722 239 2811 ἐξιάρχής
249 2731 418 2812 συνθῆκαι
426 2720 678 2810 ἠφανίσθησαν,
690 2720 773 2791 καθ’
784 2718 822 2802 άς
833 2725 891 2809 ἐμέ
898 2743 980 2809 φησι
990 2749 1047 2809 γε·

93 2826 214 2888 υέσθαι
230 2819 411 2908 ἐγγυητήν,
433 2824 540 2908 ἕτεραι
556 2824 592 2891 δὲ
610 2822 654 2908 μή
673 2822 883 2908 ἐγράφησαν,
907 2829 976 2900 πῶς
986 2819 1046 2905 όρ-

93 2926 164 2995 θῶς
185 2916 228 2983 άν
245 2918 316 3002 ἐμοὶ
334 2919 513 3003 δικάζοιτο,
536 2918 617 2988 καθ’
631 2912 675 2988 ού
685 2919 730 3006 μή
742 2927 805 3006 ἔχει
818 2922 1046 3007 παρασχέσθαι

95 3014 285 3100 συνθήκας;

53 3149 85 3202 31
178 3110 274 3180 Ἀίίά
297 3110 364 3201 μήυ
386 3118 441 3185 καὶ
463 3114 507 3194 ῶς
528 3111 735 3199 ἀπηγόρευεν
756 3111 774 3182 ὁ
795 3116 980 3197 Παρμένων
999 3117 1045 3198 τῷ

95 3209 294 3299 Ἀριστοκλεῖ
306 3212 390 3280 καθ’
409 3212 514 3281 αὑτοῦ
529 3214 572 3298 μή
584 3210 781 3298 γνγνῶσκειν
792 3209 873 3277 άνευ
884 3217 951 3276 τῶν
963 3229 1048 3275 συν-

96 3315 286 3395 διαιτητῶν,
298 3311 544 3396 μεμαρτύρηται
555 3308 642 3397 ὑμῖν.
673 3307 754 3376 όταν
765 3304 805 3393 δή
819 3303 836 3373 ὁ
850 3303 1048 3394 αὐτόςήφα-

96 3406 194 3486 νικῶς
212 3409 418 3493 φαίνηταιτὰ
430 3409 619 3495 γράμματα,
643 3403 723 3474 καθ’
739 3403 908 3489 άέδειτήυ
919 3409 1045 3472 δίαιταν

137 3504 273 3558 Βεωοιῖῑι.
298 3503 404 3560 v01.11.
864 3504 899 3556 25
