2370 3854
113 222 176 286 122
321 225 405 282 xxu
438 212 856 280 ΔΗΜΟΣΘΕΝΟῬΣ

111 411 163 472 χοι
184 383 384 470 προσόμοιος
407 374 456 446 όν
470 377 597 466 τούτῳ,
618 371 679 442 τόν
695 369 861 456 πατέρα’
836 399 881 452 ως
898 372 1069 445 ἀπέκτονα

112 479 221 568 ἐγω
187 509 246 551 τον
257 485 418 569 ἐμαντου,
441 470 1069 562 καὶκατασκενάσαςάσεβείαςγραφήν

111 580 174 650 οῦκ
189 579 244 649 ἐπ’
260 579 332 668 ἐμὲ,
354 575 429 647 ἀλλ’
448 572 544 644 ἐπὶ
510 601 571 643 τον
580 573 678 642 &stov
687 597 770 658 μου,
790 571 921 657 γράψας
930 569 1068 660 ασεβείν

111 682 182 767 ἐμοὶ
210 679 369 748 συνιόντα
397 682 443 756 είς
467 670 568 742 ταῦτὰ
593 669 637 750 69
657 670 851 756 πεποιηκότι
870 678 991 757 ταῦτα,
1019 677 1068 751 είς

109 1002 131 1061 η
116 969 244 1059 φίλος
259 1000 280 1059 η
266 969 389 1053 ’ξένος
405 977 452 1050 είς
467 966 568 1037 ταῦτό
580 992 643 1036 ποτ
645 965 786 1035 ’ἐλθεῖν
796 896 963 1054 ἠθέλησεν
973 862 1066 1054 ’ἐμοίς

109 1078 159 1150 τίς
175 1066 246 1138 6
223 1097 267 1138 αν
284 1079 373 1138 είασε
390 1068 486 1147 πόλις
501 1091 568 1136 που
579 1089 646 1152 παρ
649 1063 773 1154 ’ἑαυτῇ
782 1063 985 1151 γενέσθαι
950 1092 1013 1134 τον
1023 1064 1063 1135 τό

110 1167 231 1238 τοιοῦτ’
246 1167 395 1256 ἀσέβημα
406 1171 573 1236 δοκοῦντα
584 1164 777 1251 είργάσθαις
789 1162 851 1232 οῦκ
862 1169 953 1233 ἔστιν
963 1160 1066 1233 οῦδε-

84 1274 177 1356 3μία.
211 1267 275 1354 ἐγω
291 1274 408 1336 τοίνυν
424 1275 528 1334 ταῦτα
543 1264 605 1352 μέν
615 1261 658 1332 οῦ
669 1261 759 1349 παρά
770 1261 891 1349 μικρόν
901 1262 1066 1350 ἀγωνιζό-

110 1394 210 1454 μενος
221 1364 300 1456 παρ’
320 1364 401 1454 ὑμίν
415 1363 646 1452 άπελυσάμην,
668 1360 744 1432 ἀλλ’
762 1361 846 1432 ὥστε
862 1360 899 1432 τό
911 1365 1065 1450 πέμπτον

110 1471 209 1552 μέρος
221 1465 265 1553 μη
277 1473 392 1552 λαβεῖν
402 1472 524 1533 τοῦτον
535 1471 604 1532 τοῖν
613 1463 754 1548 ψήφων·
776 1468 898 1530 τοῦτον
927 1462 964 1531 66
979 1457 1063 1548 μεθ’
1073 1476 1118 1533 694

108 1561 206 1649 ὑμῶν
217 1563 416 1648 πειράσομαι
427 1563 481 1629 καὶ
492 1569 560 1629 νῦν
570 1558 694 1629 καὶτὸν
710 1559 814 1629 ἄλλον
829 1558 960 1628 ἅπαντα
974 1558 1067 1647 696-

108 1660 373 1745 υεσῦαιχρόνον.
395 1662 450 1727 καὶ
462 1662 536 1745 περὶ
547 1661 609 1745 μὲν
619 1667 688 1726 τῶν
698 1663 793 1728 ίῦίων
803 1665 888 1746 ἔχων
898 1666 946 1728 ἐτι
956 1657 1064 1729 πολλά

107 1761 217 1844 λέγειν
237 1756 340 1825 ἐάσω·
361 1759 436 1843 περὶ
458 1755 488 1825 6’
512 1750 563 1825 τόν
578 1767 684 1826 οἴσετε
700 1755 763 1844 τὴν
779 1767 895 1846 ψῆφον
911 1760 989 1827 νυνὶ
1007 1762 1065 1828 καὶ

107 1858 182 1941 περὶ
194 1848 242 1924 τόν
254 1848 352 1936 οὗτος
362 1862 502 1945 δημοσία
514 1859 788 1943 πεπολιτευμένος
798 1855 861 1926 οὐκ
872 1854 968 1943 ὀλίγα
976 1853 1064 1945 ὑμᾶς

108 1962 271 2077 ἔβλαψεν,
280 1955 303 2024 6
312 1981 369 2043 μοι
379 1965 576 2043 παραλιπεῖν
586 1952 774 2044 Εὐκτήμων
790 1955 914 2042 ἐδόκει,
929 1959 1063 2044 βέλτιον

109 2051 171 2121 6'‘
153 2062 241 2140 υμᾶς
252 2052 411 2143 άκοῦσαι,
432 2063 537 2124 ταῦτα
549 2059 728 2136 διεξελθεῖν
739 2058 776 2123 έν
791 2057 928 2143 βραχέσι
944 2055 1063 2140 πειρά-

81 2172 217 2239 λσομαι.
249 2151 369 2241 ἐγώ
329 2180 395 2240 γαρ
412 2161 443 2223 εί
457 2155 554 2242 μὲν’
537 2156 652 2238 εοίρων
662 2181 734 2221 τινα
723 2151 858 2241 άπλῆν
868 2152 974 2242 τοότμ
985 2155 1063 2239 περὶ

108 2245 157 2320 όν
170 2279 290 2339 φενγει
300 2278 385 2338 προς
395 2282 482 2342 υμας
493 2248 602 2322 ουσαν
612 2251 811 2340 απολογίαν,
832 2250 895 2322 οῦκ
914 2280 958 2321 αν
968 2257 1064 2321 ἐποι-

107 2352 216 2439 ον’μην
232 2352 366 2442 περὶ’
325 2363 439 2424 αυτῦν
455 2363 573 2442 μνείαν
587 2351 755 2439 οὐδεμίαν.
787 2360 853 2420 νῦν
869 2349 903 2419 6’
914 2349 988 2419 οἶδα
998 2370 1063 2418 σα-

107 2457 179 2532 φοῦς
194 2448 246 2517 ότι
262 2443 361 2530 οὗτος
378 2451 509 2520 ἁπλοῦν
527 2457 588 2536 μέν
605 2448 684 2519 0666
701 2454 830 2517 δίκαιον
847 2444 981 2519 οῦῦέν’
957 2475 1003 2518 αν
1014 2456 1063 2520 εί-

108 2561 183 2614 πείν
200 2545 285 2634 ἔχοι,Ι
308 2552 471 2628 ἐξαπατᾶν
488 2548 520 2617 6'
538 2547 626 2634 ῦμῦς
643 2547 830 2635 πειράσωσι
841 2550 994 2617 πλάττων
1005 2550 1063 2618 καὶ

107 2646 268 2731 παράγων
289 2645 374 2732 πρός
394 2649 516 2715 ἕκαστα
536 2647 667 2714 τούτων
690 2647 900 2734 κακούργους
926 2647 1059 2731 λόγους.

105 2753 173 2813 ἐστι
184 2748 249 2830 γάρ
256 2797 266 2830 ,
281 2738 438 2832 οἷάνῦρες
446 2745 635 2832 Ἀθηναῖοι,
646 2754 790 2834 τεχνίτης
800 2755 862 2814 τοῦ
871 2751 991 2832 λέγειν,
1003 2747 1061 2817 καὶ

106 2842 215 2909 πάντα
225 2839 285 2911 τόν
296 2850 372 2930 βίον
381 2845 561 2930 ἐσχόλακεν
572 2848 621 2914 ἑνὶ
630 2846 747 2934 τοότμ.
770 2843 854 2934 ὑπὲρ
866 2839 931 2914 οὖν
940 2852 1004 2914 τοῦ
1013 2842 1059 2933 μὴ

106 2944 424 3025 παρακρουσθέντας
439 2940 526 3029 όμῦς
543 2947 677 3014 ἐναντία
693 2948 755 3031 μέν
774 2959 843 3024 τοῖς
862 2942 1060 3031 ὀμωμοσμέ-

106 3063 178 3117 νοις
198 3048 377 3126 πεισθηναι
398 3047 626 3129 ψηφίσασθαι,
655 3040 790 3128 άφεϊναι
818 3041 853 3110 δὲ
873 3050 996 3111 τοῦτον
1017 3038 1060 3111 όν

105 3133 187 3222 ὑμίν
198 3146 332 3207 πολλῶν
342 3142 439 3208 ἕνεκα
450 3140 544 3222 άξιον
554 3143 704 3225 κολάσαι,
716 3141 891 3227 προσέχετε
900 3138 961 3208 τόν
971 3147 1061 3208 νοῦν

106 3231 155 3313 οἷς
172 3239 253 3323 ἐροῦ,
274 3237 321 3306 ἵν’
342 3237 545 3319 ἀκούσαντες
562 3244 645 3325 ἐμοῦ
659 3233 742 3325 πρός
758 3238 980 3307 ἕκαστοντῶν
989 3233 1060 3307 ὑπὸ

106 3333 229 3402 τοῦτον
239 3338 480 3425 ῥηθησομένων
491 3335 585 3425 ἔχηθ’
600 3334 852 3424 ὑπολαμβάνειν
862 3334 884 3406 6
895 3341 952 3405 δεῖ.

78 3447 97 3498 ο
181 3431 272 3502 ’Ἐστι
289 3435 353 3521 γάρ
371 3433 416 3516 εἷς
433 3437 496 3523 μὲν
511 3433 553 3505 ὃν
570 3445 672 3505 οίεται
689 3445 847 3523 τεχνικοῖς
857 3442 944 3523 ἔχειν
964 3432 1060 3525 αὐτῷ
