2370 3854
41 303 45 308 ,
136 225 196 289 ιιι
335 227 429 285 xxm.
468 220 886 284 ΔΗΜοΣυΕΝουΣ

135 407 202 473 σμα
219 383 473 471 Ἀριστοκράτης
493 378 555 467 ούχ
575 381 639 461 ἔξει
662 384 774 466 δεῖξαι,
797 376 817 447 δ
839 380 875 447 δὲ
895 378 1092 449 δεινότατον

135 484 272 551 πάντων
282 485 360 570 ἐστὶ,
376 481 414 551 τό
433 483 596 568 μηδεμίαν
613 483 725 564 κρίσιν
736 481 775 547 ἐν
786 480 885 547 παντί
895 486 1033 567 ποιῆσαι
1042 487 1091 570 τῷ
1101 493 1154 549 θοι

135 590 321 670 ψηφίσματι
331 579 486 666 τοιαύτης
501 584 616 662 αἰτίας,
633 575 727 646 τοῦδ’
740 574 959 663 ύφαιρελσθαι
971 577 1093 662 πειρά-

135 701 234 750 σεται.
257 683 321 768 ἐγω
335 681 371 750 δέ
382 681 457 764 περὶ
468 674 574 746 αι’πού
584 677 708 745 τούτου
718 673 826 744 πολλά
837 675 898 762 μἐν
909 679 1016 761 λέγειν
1025 674 1092 746 ούκ

134 779 224 866 οἶμαι
242 785 330 866 δεῖν,
355 781 392 847 ἐκ
404 777 441 846 δέ
450 783 512 844 τοῦ
522 783 734 863 ψηφίσματος
744 773 851 842 αὐτοῦ
862 779 957 855 δείξω
972 783 1091 861 σαφῶς

135 877 214 948 οὐδὲ
233 875 339 946 αύτόν
356 882 478 944 τοῦτον
494 873 683 960 ἡγούμενον
697 872 782 941 εἶναι
799 883 910 959 κρίσιν
927 870 1090 961 ούδεμίαν

92 993 123 1044 91
133 985 182 1066 τῷ
192 977 253 1062 την
264 981 374 1043 αἰτίαν
391 979 507 1058 ἔχοντι.
540 977 687 1058 γέγραφε
705 969 769 1060 γάρ
782 968 866 1041 “ἐάυ
875 999 924 1052 τις
934 970 1090 1042 ἀποκτεί-

128 1072 193 1163 ’ὐη
205 1079 416 1162 Χαρίδημον,
434 1068 600 1156 ἀγώγιμος
616 1075 715 1157 ἔστω,
739 1068 800 1138 ε’ἀν
811 1073 852 1139 δέ
864 1097 913 1150 τις
927 1068 1089 1157 ἀφέληται

128 1169 171 1258 “ἢ
183 1172 278 1250 πόλις
288 1168 310 1259 ἢ
322 1170 470 1257 ἰδιότης,
493 1174 675 1250 ἔκσπονδος
686 1175 767 1238 ἔστω
775 1167 800 1255 ,”
822 1168 885 1239 ούκ
896 1168 956 1238 ἐὰν
966 1168 1011 1257 μὴ
1023 1195 1089 1238 πα-

136 1272 241 1359 ράσχη
253 1281 300 1349 είς
310 1277 422 1356 κρίσιν
438 1269 499 1338 τόν
517 1268 762 1357 ἀφαιρεθέντα,
786 1269 855 1338 ἀλλ’
867 1269 952 1349 ὅλως
968 1268 1086 1349 εὐθύς.

135 1377 241 1439 καίτοι
259 1380 293 1439 εί
305 1395 343 1456 γε
358 1372 471 1438 ἐδίδου
488 1374 598 1456 κρίσιν
614 1371 671 1437 καὶ
692 1366 736 1455 μὴ
760 1367 936 1457 ἀφηρεῖτο,
956 1363 1020 1437 τότ’
1045 1363 1089 1434 ἀν

135 1473 345 1554 προσέγραψε
353 1464 437 1536 κατά
445 1475 514 1535 τοῖν
525 1465 743 1553 ἀφελομένων
753 1465 815 1553 τὴν
826 1473 996 1555 τιμωρίαν,
1004 1463 1089 1536 ὁπό-

134 1593 170 1634 τε
182 1575 228 1645 είς
238 1565 300 1652 τὴν
310 1572 420 1653 κρίσιν
431 1563 476 1652 μὴ
490 1567 657 1653 παρέσχον
668 1563 709 1631 όν
720 1568 893 1651 ἐξείλοντο.

93 1683 126 1736 92
234 1661 334 1751 Οἶμαι
360 1669 476 1730 τοίνυν
495 1661 600 1731 αύτόν
617 1660 775 1731 κάκεῖνον
796 1667 883 1748 ἐρεῖν
898 1660 958 1731 τόν
973 1662 1088 1750 λόγον,

136 1767 192 1832 καὶ
203 1761 336 1848 σφόδρα
345 1761 449 1850 ταύτη
460 1759 610 1848 ζητήσειν
621 1766 784 1842 ἐξαπατᾶν
794 1759 891 1849 ύμάς,
904 1759 948 1842 ιδς
959 1761 1090 1850 άκυρόν

137 1861 253 1930 ἐστιτὰ
266 1860 435 1947 ψήφισμα·
458 1861 696 1948 προβούλευμα
707 1859 773 1945 γάρ
785 1863 891 1945 ἐστιν,
909 1858 927 1928 ό
940 1860 1043 1949 νόμος
1055 1858 1087 1929 δ’

137 1963 264 2028 ἐπέτεια
275 1957 404 2026 κελεύει
412 1957 453 2024 τά
465 1965 522 2043 τῆς
531 1966 656 2046 βουλῆς
674 1957 758 2027 εἶναι
774 1966 986 2047 ψηφίσματα,
1005 1959 1091 2028 ὥστε

137 2053 202 2125 κάν
218 2054 325 2125 αύτού
340 2063 406 2124 νῦν
429 2054 708 2144 ἀποψηφίσησθε,
731 2056 754 2144 ἤ
770 2083 808 2143 γε
825 2059 919 2138 πόλις
935 2065 1091 2144 φλαῦρον

93 2152 237 2232 93ούδέν
248 2161 393 2224 πείσεται
403 2157 487 2224 κατὰ
499 2153 536 2223 τό
555 2156 710 2243 ψήφισμα
728 2164 836 2225 τούτο.
880 2155 944 2243 ἐγω
959 2157 995 2226 δέ
1006 2156 1091 2242 πρός

26 2262 31 2272 ’
135 2263 240 2323 ταῦτα
257 2252 348 2343 οἶμαι
366 2259 436 2322 δεῖν
452 2252 540 2341 ὑμᾶς
559 2258 665 2324 ἐκεῖνο
687 2253 940 2344 ὑπολαμβάνειν
946 2309 956 2340 ,
980 2254 1031 2325 ότι
1050 2256 1088 2326 τό

136 2355 291 2442 ψήφισμα
307 2352 401 2422 τοῦδ’
421 2345 520 2432 οὗτος
537 2359 681 2439 ἔγραψεν
698 2352 760 2440 ούχ
774 2359 830 2422 ἵνα
846 2352 943 2434 ὄντος
959 2351 1091 2438 ἀκύρου

136 2458 239 2539 μηδὲν
256 2451 353 2538 ἀηδὲς
369 2450 450 2537 ὑμῖν
467 2459 580 2540 συμβῇ
596 2453 672 2539 (τὴν
695 2451 801 2538 ἀρχὴν
823 2449 890 2538 γάρ
905 2455 983 2539 ἐξῆν
998 2449 1092 2542 αύτῷ

137 2550 182 2638 μὴ
194 2550 349 2636 γράφειν,
363 2559 395 2616 εί
402 2574 440 2633 γε
449 2576 487 2616 το
477 2551 671 2637 βελτιστον
681 2575 721 2638 τη
709 2550 829 2618 πόλει
840 2564 978 2618 σκοπεῖν
989 2551 1091 2637 ἐβού-

137 2643 327 2731 λετο)ἀλλ’“
312 2673 345 2714 ιν
343 2642 668 2734 ’ἐξαπατηθέντων’
648 2657 746 2735 υμιδν
757 2647 992 2734 διαπράξαιντό
1002 2675 1091 2728 τινες

135 2747 294 2815 τάναντία
315 2762 383 2826 τοῖς
403 2744 482 2833 ὑμῖν
498 2749 737 2834 συμφέρουσιν
777 2752 812 2816 οί
827 2748 1095 2834 δδγραψάμενοι

137 2848 193 2913 καὶ
209 2846 352 2931 χρόνους
373 2843 609 2966 ἐμποιησαντες
629 2848 685 2916 καί
707 2845 747 2915 δι’
766 2844 826 2926 ούς
841 2845 971 2967 άκυρόν
987 2849 1087 2932 ἐστιν,

135 2959 229 3031 ημεις
240 2943 395 3032 ἐσμεν.
380 2943 507 3012 άτοπον
523 2943 564 3033 δη
582 2943 705 3031 γένοιτ’
716 2941 778 3030 ἀν,
802 2936 870 3013 εί
842 2970 890 3012 ων
901 2940 982 3031 ημῖν
991 2968 1090 3029 χαριν

137 3044 224 3124 εἰκός
235 3043 406 3132 ὑπάρχειν,
414 3052 518 3113 ταῦτα
528 3045 658 3124 τούτοις
669 3051 715 3124 είς
724 3049 889 3130 σωτηρίαν
899 3040 1093 3127 ὑπάρξειεν,

93 3158 128 3214 94
137 3148 185 3209 ἐτι
195 3150 311 3211 τοίνυν
322 3140 399 3212 οὐδ’
412 3140 544 3212 διπλοῦν
553 3144 648 3212 τοῦδ’
660 3141 766 3220 ούτως
783 3143 882 3226 ἐστίν,
902 3140 948 3220 άίς
962 3167 1011 3219 τις
1020 3148 1153 3214 ote-652

137 3265 197 3306 ται.
223 3241 630 3329 είμένγάρμηδεὶςάλλος
649 3237 691 3330 ἦν
715 3238 805 3317 ὅστις
821 3245 957 3324 ἐμελλεν
968 3236 1090 3325 ὁμοίως

137 3338 244 3426 τούτῳ
262 3347 331 3406 τοῖν
349 3341 592 3427 συμφερόντων
612 3336 691 3424 ὑμῖν
708 3335 915 3424 ὀλιγωρήσας
934 3336 1089 3424 γράφειν,

136 3444 217 3514 ίσως
228 3431 271 3503 ἀν
282 3437 431 3524 φορητὸν
441 3431 486 3524 ἦν
496 3445 611 3507 τοῦτο·
632 3445 698 3504 νῦν
715 3436 746 3504 δ’
770 3436 879 3505 όντων
889 3432 956 3505 υύιι
964 3433 1090 3524 όλίγων
