2370 3854
283 223 425 285 ΠΡΟΣ
441 222 851 285 ΠΑΝΤΛΙΝΕΤΟΝ.
977 222 1041 286 443

441 453 697 517 MAPTYPIAI.

54 607 91 661 ιε
179 583 305 672 Ἐπειδὴ
316 591 432 654 τοίνυν
442 581 479 652 τό
491 581 610 669 πρᾶγμ’
623 583 755 654 ἐνταῦθ’
767 585 919 672 εἱστήκει,
937 587 993 654 καί
1004 585 1044 654 τά

96 684 158 770 μὲν
172 682 322 771 χρήματα
338 680 380 751 οῦ
396 687 548 769 προΐεντο
567 680 626 762 οῦς
643 685 807 771 ἐπήγαγεν
817 677 929 771 οῦτος,
951 683 1045 770 ἡμεῖς

98 778 129 849 δ’
143 782 278 861 εἰκότως
288 782 494 867 ἐφαινόμεθα
505 772 554 847 τόν
564 781 739 869 ἐωνήμεθα
749 797 899 870 κρατεῖν,
916 787 1043 851 ἰκέτευ-

97 905 150 967 εν,
165 882 285 963 ἐδεῖτο,
302 878 468 966 ἠντιβόλει
478 886 646 966 πρατῆρας
657 877 742 967 ἡμᾶς
752 887 935 968 γίγνεσθαι.
971 878 1043 960 άξι-

96 985 216 1058 οῦυτος
227 977 462 1046 δέτοῦτονκαί
473 975 580 1045 πολλά
591 981 769 1065 δεηθέντος
779 983 877 1066 ἐμοῦ,
895 979 950 1046 καὶ
961 985 993 1045 τί
1002 976 1043 1044 οὐ

53 1075 309 1162 Ιεποιήσαυτος;
336 1077 392 1142 καί
400 1072 502 1169 τοῦθ’
521 1073 692 1161 ὑπέμεινα.
724 1075 817 1160 ὁρῶν
833 1074 866 1144 δ’
876 1068 1042 1163 affin&

95 1171 214 1257 ἄνδρες
222 1169 408 1259 Ἀθηναῖοι,
430 1174 598 1260 κακοήθη,
620 1178 675 1242 καί
691 1176 728 1243 τὸ
739 1176 801 1260 μὲν
817 1178 849 1256 ἐξ
867 1173 968 1261 ἀρχῆς
979 1183 1041 1242 τοῦ
1169 1176 1172 1181 ’

95 1273 329 1357 Μνησικλέους
344 1280 594 1358 κατηγοροῦντα
611 1271 696 1356 πρὸς
710 1271 812 1358 ἡμᾶς,
842 1273 944 1340 πάλιν
962 1271 995 1339 δ’
1012 1264 1041 1361 ᾦ

97 1376 192 1454 φίλος
203 1361 246 1454 ἦν
254 1366 295 1436 τά
306 1370 456 1456 μάλιστα,
468 1379 516 1458 τῷ
525 1367 675 1462 Εῦέργφ,
692 1372 800 1461 τοάτφ
813 1390 1043 1455 προσκεκρου-

95 1467 187 1552 κότα,
199 1468 254 1534 καί
264 1463 302 1534 τό
315 1465 375 1552 μὲν
386 1475 519 1549 πρῶτον
530 1467 575 1548 ὥς
585 1469 650 1554 ἐγω
661 1473 882 1556 κατέπλευσα,
894 1468 1042 1554 άσμενον

91 1565 266 1652 φάσκοντα
276 1567 447 1650 ἑορακέναι
462 1591 518 1651 με,
537 1568 606 1634 ἐπεὶ
618 1565 649 1634 δ’
661 1572 727 1634 ἔδει
743 1564 783 1634 τά
796 1571 907 1634 δίκαια
923 1577 1042 1652 ποιεῖν,

95 1666 167 1749 ἐμοὶ
180 1663 281 1732 πάλιν
292 1668 570 1750 δυσκολαίνοντα,
594 1663 763 1744 καίάπασι
781 1668 874 1751 με’χρι
885 1671 948 1732 τοῦ
957 1688 1043 1747 προ-

91 1771 207 1853 λαβεῖν
224 1766 279 1833 καὶ
297 1776 411 1850 τυχεῖν
429 1757 477 1830 τόν
493 1765 601 1830 δέοιτο
613 1759 823 1849 φίλονόντα,
843 1762 925 1849 μετὰ
941 1769 1046 1830 ταῦτα

52 1860 128 1928 16δ’
151 1864 276 1948 ἐχθρὸν
298 1865 353 1930 καὶ
373 1862 540 1949 διάφορον
561 1863 779 1950 γιγνόμενον,
801 1857 917 1947 ἠξίουν
937 1858 1044 1929 άπαλ-
1052 1870 1102 1925 971

92 1962 293 2049 λαττόμενος
307 1966 363 2032 καὶ
379 1989 508 2050 πρατηρ
525 1961 669 2050 ὑπὲρ
623 1989 691 2030 των
701 1962 825 2030 τούτου
837 1960 1045 2046 γιγνόμενος,

95 2068 232 2135 πάντων
260 2063 398 2151 άφεθεις
427 2074 494 2133 τῶν
522 2066 735 2152 ἐγκλημάτων
756 2067 811 2131 καί
834 2062 1041 2145 άπαλλαγείς,

95 2166 183 2233 οῦτω
199 2164 407 2229 διαλύεσθαι.
440 2164 569 2229 τούτων
587 2165 624 2230 δὲ
641 2163 927 2246 συγχωρηθέντων
944 2148 1042 2234 οὗτος

95 2257 198 2346 μέν’
177 2285 308 2343 αφηκεν
329 2257 486 2325 ἁπάντων
507 2260 580 2343 ἐμὲ,
609 2256 673 2342 ἐγω
696 2257 732 2324 δε
753 2280 899 2342 πρατηρ,
930 2252 1041 2335 ὥσπερ

95 2354 192 2426 ἐδεῖθ’
206 2349 313 2438 οῦτος,
325 2382 392 2423 των
403 2357 579 2442 κτημάτων
595 2355 790 2441 ἐγιγνόμην,
808 2352 963 2433 καθάπερ
978 2346 1042 2415 αῦ-

95 2455 152 2536 τός
174 2457 338 2543 ἐπριάμην
362 2452 450 2539 παρά
461 2456 701 2540 Μνησικλέους.
725 2451 943 2538 κομισάμενος
956 2446 1041 2515 δέτά

96 2554 320 2642 ἐμαυτοῦ,καί
330 2561 451 2621 τοῦτον
462 2550 538 2619 οὐδ’
550 2549 667 2619 ὁτιοῦν
677 2549 820 2635 ἀδικεῖν,
832 2546 878 2635 μά
889 2543 967 2623 τοῦς
978 2553 1041 2611 θε-

96 2655 166 2737 οῦς,
180 2649 242 2721 οῦδ
247 2649 254 2675 ’
266 2647 309 2719 άν
319 2659 352 2720 εἰ
357 2676 388 2718 τι
398 2653 542 2736 γίνοιτο,
557 2646 674 2740 ᾠήθην
685 2652 782 2734 δίκην
792 2672 848 2733 μοι
857 2652 969 2728 λαχεῖν
979 2665 1043 2708 πο-

94 2757 280 2822 τετουτουί

53 2867 84 2921 17
182 2851 230 2920 Τά
248 2852 311 2938 μὲν
326 2852 365 2937 δη
379 2851 599 2970 γεγενημένα,
621 2847 768 2930 καὶπερὶ
786 2836 836 2912 τόν
857 2851 962 2910 οἰσετε
980 2837 1042 2925 την

92 2959 224 3037 ψῆφον,
247 2976 302 3017 και
292 2946 394 3016 δι’“
372 2977 393 3016 α
410 2974 472 3035 την
490 2952 586 3034 δίκην
603 2941 917 3030 συκοφαντούμενος
936 2961 1040 3018 παρε-

91 3047 271 3133 γραψάμην
287 3073 331 3132 μη
350 3043 617 3131 εἰσαγώγιμον
587 3069 686 3128 ειναι,
710 3046 791 3109 ταῦτ
791 3037 917 3121 ’ἐστιν,
940 3026 1038 3102 ωάν-

92 3150 168 3231 δρες
187 3150 345 3214 δικασταί.
379 3145 627 3231 παρασχόμενος
643 3141 678 3209 δὲ
696 3140 921 3227 μάρτυρας,ο
903 3138 936 3200 ἰ
951 3156 1039 3216 παρ

91 3250 180 3329 ἦσαν
196 3241 331 3328 ἡνίκα’
311 3246 455 3329 αφιέμην
471 3239 537 3310 ῦπὸ
555 3241 678 3309 τούτου
702 3241 756 3307 καί
773 3229 1036 3356 ἀπηλλαττόμην,

93 3339 137 3419 ὡς
149 3339 211 3410 οῦκ
223 3340 437 3427 εἰσαγώγιμος
448 3345 483 3408 ἐκ
500 3365 568 3408 των
579 3340 693 3425 νόμων
704 3331 826 3406 ἐστίν’
809 3362 829 3421 η
847 3336 939 3416 δίκη,
956 3323 1038 3414 μετά

91 3433 179 3506 ταῦτ’
193 3442 349 3519 ἐ.τιιδείξω
373 3446 431 3506 και
437 3463 494 3524 μοι
505 3440 578 3524 λέγε
590 3463 714 3523 ταυτην
723 3461 785 3522 την
796 3434 989 3520 μαρτυρίαν.
