2370 3854
270 203 414 266 ΚΑΤΑ
434 203 896 268 ΑΡΙΣΤΟΚΡΑΤΟΤΣ.
995 206 1056 270 155

103 365 239 450 ἐλέγχου
248 372 370 451 κρίσις,
380 362 425 451 ἣν
436 363 588 450 οὐδαμοῦ
597 366 766 450 γέγραφεν
776 357 874 445 οὗτος
885 369 923 434 έν
934 374 980 460 τῷ
993 381 1057 454 ψῃ-

105 469 252 549 φίσματι.

61 584 94 638 37
187 580 272 662 Λέγε
282 574 361 655 τοῦς
371 578 489 663 ἐφεξῆς
499 577 633 662 νόμους.

492 749 671 810 ΝΟΜΟΣ.

232 866 313 952 [Ἐὰν
324 874 359 937 δέ
365 896 410 949 ’τις
418 868 470 938 τόν
472 868 670 1022 ἐᾶνδροφόνον
681 872 810 980 nwlvy'¹
789 903 809 957 ῃ
820 880 911 952 αἴτιος
922 904 942 962 ῃ
951 875 1058 983 φόνου,

147 951 328 1039 ἀπεχόμενον
340 952 468 1062 ἆγορῦς
472 960 592 1064 ἐφορίας
610 961 661 1023 καὶ
677 957 844 1025 όὶθλωνιιαλ
855 941 958 1044 ίερῦν’
954 970 1056 1063 Αμφι-
1065 967 1118 1022 6³2

147 1049 320 1122 κτνονικῦν,
334 1038 429 1126 ὥσπερ
440 1037 491 1107 τόν
499 1038 662 1146 Ἀθηναῖον
673 1048 834 1127 κτείναντα,
845 1046 878 1108 ἐν
888 1054 949 1122 τοῖς
960 1041 1057 1124 αὐτοῖς

147 1127 310 1208 ἐνέχεσθαι,
323 1123 548 1210 διαγιγνώσκειν
559 1128 592 1190 δέ
604 1122 672 1202 τοῦς
683 1128 806 1211 ἐφέτας]

192 1258 332 1322 Τουτονί
356 1259 407 1322 δεῖ
425 1251 588 1339 μαθεῖν
568 1261 671 1340 υμᾶς,
697 1280 724 1322 ω
711 1246 862 1339 ἀνδρες
878 1254 1057 1342 Ἀθηναῖοι,

103 1351 299 1439 τόννόμου,
321 1360 357 1421 τί
371 1350 445 1420 ποτ’
465 1351 622 1438 ἐβούλεθ’
641 1349 660 1418 ὁ
678 1357 763 1428 θείς·
788 1351 914 1432 ὄψεσθε
930 1353 995 1438 γὰρ
1014 1353 1057 1432 ὡς

60 1450 225 1520 38ἅπαντ’
244 1452 395 1539 εὐλαβῶς
411 1451 545 1537 διεόρισε
560 1453 613 1519 καὶ
635 1458 790 1537 νομίμως.
824 1449 884 1517 ἐόν
904 1477 953 1529 τις
972 1449 1058 1519 ἀπο-

102 1558 216 1637 κτείνῃ
227 1548 288 1618 τόν
299 1548 524 1638 ἀνδροφόνον,
537 1552 649 1637 φησὶν,
661 1545 684 1637 ἢ
694 1559 797 1629 αίτιος
806 1542 830 1637 ᾗ
840 1551 961 1636 φόνου,
974 1549 1055 1618 εἷπε·

101 1650 245 1736 χόμενον
261 1647 385 1736 ἀγορᾶς
401 1654 536 1736 ἐφορίας
551 1652 606 1718 καί
624 1649 742 1718 ἄθλων
757 1651 813 1717 καί
829 1654 930 1735 ἱερῶν
939 1649 1057 1737 Ἀμφι-

103 1758 306 1836 κτυονικῶν,
331 1749 442 1836 ὥσπερ
458 1748 518 1818 τόν
527 1746 706 1836 Ἀθηναίων
722 1756 912 1835 κτείναντα,
937 1753 973 1817 ἐν
989 1764 1056 1828 τοῖς

103 1846 214 1927 αὐτοῖς
224 1851 407 1936 ἐνέχεσθαι,
419 1849 672 1935 διαγιγνώσκειν
683 1847 720 1916 δὲ
729 1849 808 1928 τούς
819 1853 944 1933 ἐφέτας.
972 1854 1008 1916 τί
1016 1849 1055 1935 δὴ

103 1945 198 2014 ταῦτ’
210 1951 313 2028 ἑστίας
325 1951 450 2026 ἐκεῖνος
463 1945 545 2038 ςόετο
556 1946 616 2017 τόν
627 1947 817 2034 πεφευγότα
827 1946 880 2016 ἐπ’
893 1954 980 2037 αίτίμ
991 1949 1057 2034 φό-

104 2073 167 2114 νου
177 2047 232 2113 καὶ
245 2047 415 2134 ἡλωκότα,
431 2048 553 2133 ἐάνπερ
565 2044 651 2128 ἅπαξ
663 2050 792 2137 ἐκφύγῃ
802 2052 856 2116 καί
867 2056 974 2134 σωθῇ,
987 2057 1057 2131 είρ-

102 2172 177 2230 γειν
197 2147 257 2231 μὲν
281 2155 338 2232 τῆς
360 2154 423 2214 τοῦ
439 2147 614 2225 ’παθόντος
635 2152 791 2238 πατρίδος
812 2153 941 2213 δίκαιον
961 2144 1054 2227 εἶναι,

105 2250 246 2312 κτείνειν
258 2245 294 2311 δέ
305 2243 367 2328 οὐχ
377 2242 471 2310 ὅσων
482 2241 683 2328 ἁπανταχοῦ.
715 2249 750 2309 τί
763 2250 915 2321 σκοποῦνς
937 2240 987 2307 ὅτι
1003 2244 1059 2308 καὶ

106 2342 185 2419 τούς
198 2347 298 2425 δεῦρο
311 2341 534 2427 πεφευγότας,
556 2338 617 2407 ε’δν
632 2337 722 2426 ἡμεῖς
732 2337 810 2416 τούς
823 2340 961 2424 ἑτέρωσε
974 2335 1059 2406 ἄπο-

61 2450 97 2504 39
107 2438 316 2524 κτιννῦωμεν
322 2490 332 2522 ,
355 2435 598 2506 ἀποκτενοῦσιν
609 2439 724 2523 ἕτεροι.
758 2444 789 2506 εί
799 2438 834 2506 δὲ
844 2435 935 2507 τοῦτ’
954 2441 1056 2525 ἐσται,

103 2539 220 2627 ἡμόνῃ
240 2538 337 2627 λοιπὴ
354 2553 422 2618 τοῖς
438 2537 619 2625 ἀτυχοῦσιν
636 2536 740 2606 ἅπασι
751 2545 894 2625 σωτηρία
906 2541 1056 2624 διαφθα-

103 2641 245 2728 ρήσεται.
273 2637 387 2708 ἔστιδ’
400 2666 484 2726 αντη
495 2667 557 2718 τις
549 2642 657 2706 ἐκ
616 2666 674 2725 τῃς
683 2665 752 2706 των
763 2637 986 2707 πεπονθοτων
997 2663 1057 2723 με-

103 2741 267 2808 ταστέντα
285 2738 377 2820 είς
340 2767 403 2826 την
414 2747 483 2807 τοῖν
492 2738 595 2857 μῃδέν
605 2735 816 2825 ἠδικημένων
827 2734 932 2815 ἇδεως
944 2760 1056 2823 μετοι-

103 2855 183 2907 κεῖν.
205 2843 261 2906 ἵνα
272 2838 311 2927 δὴ
324 2837 368 2925 μὴ
381 2847 512 2927 τοῦτοῃ
499 2826 636 2926 μῃδΗ
618 2843 796 2924 απέραντοι
806 2845 875 2906 τῶν
892 2834 1054 2923 όιδικῃμιέ-

102 2964 170 3004 των
189 2941 225 3002 αι
241 2945 393 3022 τιμωρίαι
409 2944 603 3024 γίγνωνται,
627 2943 771 3022 ἔγραφεν
788 2937 847 3005 ἐάν
862 2965 911 3014 τις
921 2963 982 3003 τον
993 2934 1055 3002 ἀν-

104 3036 276 3121 δροφόνον
286 3042 397 3123 κτείνῃ
408 3033 630 3122 απεχόμενον,
644 3034 792 3124 φησὶν,’
774 3045 898 3122 αγορῦς
909 3038 1053 3120 ἐφορίας.

103 3142 136 3202 τί
151 3141 249 3201 τοῦτο
266 3136 389 3219 λέγωνς
412 3143 480 3202 των
491 3134 592 3218 ὁρίων
603 3144 660 3220 τῆς
670 3135 794 3222 χώρας·
818 3137 967 3202 ἐνταῦθα
978 3131 1053 3218 γὰρ,

104 3232 149 3311 ὥς
160 3230 185 3317 γ’
200 3234 271 3318 ἐμοὶ
282 3236 382 3319 δοκεῖ,
393 3232 531 3320 τέρχαία
556 3243 708 3322 συνῇσαν
722 3239 756 3302 οί
764 3233 953 3318 πρόσχωροι
964 3233 1054 3314 παρέ

564 3334 573 3357 Ι
688 3332 706 3355 P!
804 3330 813 3355 5
849 3330 857 3352 Ι
986 3330 993 3354 7

58 3446 94 3498 40
102 3428 167 3520 ράν
177 3435 326 3518 ἐφορίαν.
348 3435 404 3499 καὶ
415 3431 515 3500 πόλιν
526 3435 627 3517 ἱερῶν
635 3429 933 3517 Ἀμφικτυονικῶν.
953 3436 988 3497 τί
996 3429 1057 3514 δή·
