<?xml version="1.0" encoding="UTF-8"?>
<!DOCTYPE html PUBLIC "-//W3C//DTD XHTML 1.0 Transitional//EN"
    "http://www.w3.org/TR/xhtml1/DTD/xhtml1-transitional.dtd">
<html xmlns="http://www.w3.org/1999/xhtml" xml:lang="en" lang="en">
 <head>
  <title>
</title>
<meta http-equiv="Content-Type" content="text/html;charset=utf-8" />
  <meta name='ocr-system' content='tesseract 3.04.00' />
  <meta name='ocr-capabilities' content='ocr_page ocr_carea ocr_par ocr_line ocrx_word'/>
</head>
<body>
  <div class='ocr_page' id='page_1' title='image "./orationesexrece01demogoog_0121.png"; bbox 0 0 2370 3854; ppageno 0'>
   <div class='ocr_carea' id='block_1_1' title="bbox 170 215 905 284">
    <p class='ocr_par' dir='ltr' id='par_1_1' title="bbox 170 215 905 284">
     <span class='ocr_line' id='line_1_1' title="bbox 170 215 905 284; baseline -0.012 0"><span class='ocrx_word' id='word_1_1' title='bbox 170 220 231 284; x_wconf 78' lang='lat'><strong><em>112</em></strong></span> <span class='ocrx_word' id='word_1_2' title='bbox 384 222 453 278; x_wconf 86' lang='lat' dir='ltr'>xxl.</span> <span class='ocrx_word' id='word_1_3' title='bbox 487 215 905 278; x_wconf 72' lang='grc' dir='ltr'><em>ΔΗΜΟΣΘΕΝΟῬΣ</em></span> 
     </span>
    </p>
   </div>
   <div class='ocr_carea' id='block_1_2' title="bbox 78 372 1177 3212">
    <p class='ocr_par' dir='ltr' id='par_1_2' title="bbox 170 372 1127 564">
     <span class='ocr_line' id='line_1_2' title="bbox 170 372 1127 463; baseline -0.004 -16"><span class='ocrx_word' id='word_1_4' title='bbox 170 375 332 449; x_wconf 86' lang='grc' dir='ltr'><strong><em>διάταῦτ’</em></strong></span> <span class='ocrx_word' id='word_1_5' title='bbox 344 375 405 463; x_wconf 82' lang='grc' dir='ltr'><strong><em>οὐχ</em></strong></span> <span class='ocrx_word' id='word_1_6' title='bbox 421 374 610 462; x_wconf 83' lang='grc' dir='ltr'><strong><em>ὑπήκουσε,</em></strong></span> <span class='ocrx_word' id='word_1_7' title='bbox 633 381 699 442; x_wconf 91' lang='grc' dir='ltr'><strong><em>νῦν</em></strong></span> <span class='ocrx_word' id='word_1_8' title='bbox 717 372 761 460; x_wconf 87' lang='grc' dir='ltr'><strong><em>δ’,</em></strong></span> <span class='ocrx_word' id='word_1_9' title='bbox 785 373 836 442; x_wconf 85' lang='grc' dir='ltr'><strong><em>ὅτι</em></strong></span> <span class='ocrx_word' id='word_1_10' title='bbox 852 373 1127 462; x_wconf 74' lang='grc' dir='ltr'><strong><em>προσκέκρουκεν</em></strong></span> 
     </span>
     <span class='ocr_line' id='line_1_3' title="bbox 170 467 1126 564; baseline -0.006 -19"><span class='ocrx_word' id='word_1_11' title='bbox 170 479 257 564; x_wconf 78' lang='grc' dir='ltr'><strong><em>ἐμοὶ,</em></strong></span> <span class='ocrx_word' id='word_1_12' title='bbox 281 473 335 543; x_wconf 81' lang='grc' dir='ltr'><strong><em>διὰ</em></strong></span> <span class='ocrx_word' id='word_1_13' title='bbox 352 483 456 543; x_wconf 88' lang='grc' dir='ltr'><strong><em>ταῦτα</em></strong></span> <span class='ocrx_word' id='word_1_14' title='bbox 466 481 587 542; x_wconf 90' lang='grc' dir='ltr'><strong><em>τοῦτον</em></strong></span> <span class='ocrx_word' id='word_1_15' title='bbox 598 473 814 558; x_wconf 81' lang='grc' dir='ltr'><strong><em>ἐξαιτήσεται,</em></strong></span> <span class='ocrx_word' id='word_1_16' title='bbox 838 467 1126 557; x_wconf 78' lang='grc' dir='ltr'><strong><em>ὑμῖνούχὶκαλῦς</em></strong></span> 
     </span>
    </p>

    <p class='ocr_par' dir='ltr' id='par_1_3' title="bbox 78 570 1129 1641">
     <span class='ocr_line' id='line_1_4' title="bbox 78 570 1126 662; baseline -0.009 -15"><span class='ocrx_word' id='word_1_17' title='bbox 78 627 81 632; x_wconf 76' lang='lat'><em>,</em></span> <span class='ocrx_word' id='word_1_18' title='bbox 111 580 235 662; x_wconf 72' lang='grc' dir='ltr'><strong><em>νοῖέχει</em></strong></span> <span class='ocrx_word' id='word_1_19' title='bbox 250 581 464 661; x_wconf 87' lang='grc' dir='ltr'><strong><em>χαρίσασθαι·</em></strong></span> <span class='ocrx_word' id='word_1_20' title='bbox 487 570 531 659; x_wconf 77' lang='grc' dir='ltr'><strong><em>μὴ</em></strong></span> <span class='ocrx_word' id='word_1_21' title='bbox 549 570 613 656; x_wconf 84' lang='grc' dir='ltr'><strong><em>γάρ</em></strong></span> <span class='ocrx_word' id='word_1_22' title='bbox 631 576 713 638; x_wconf 83' lang='grc' dir='ltr'><strong><em>ἔστω</em></strong></span> <span class='ocrx_word' id='word_1_23' title='bbox 731 572 843 656; x_wconf 82' lang='grc' dir='ltr'><strong><em>μηδεὶς</em></strong></span> <span class='ocrx_word' id='word_1_24' title='bbox 859 571 896 637; x_wconf 77' lang='grc' dir='ltr'><strong><em>ἐν</em></strong></span> <span class='ocrx_word' id='word_1_25' title='bbox 919 573 1126 659; x_wconf 78' lang='grc' dir='ltr'><strong><em>δημοκρατίᾳ</em></strong></span> 
     </span>
     <span class='ocr_line' id='line_1_5' title="bbox 169 666 1127 760; baseline -0.003 -20"><span class='ocrx_word' id='word_1_26' title='bbox 169 679 363 760; x_wconf 87' lang='grc' dir='ltr'><strong><em>τηλικοῦτος</em></strong></span> <span class='ocrx_word' id='word_1_27' title='bbox 385 671 471 742; x_wconf 76' lang='grc' dir='ltr'><strong><em>ὥστε</em></strong></span> <span class='ocrx_word' id='word_1_28' title='bbox 498 666 667 738; x_wconf 75' lang='grc' dir='ltr'><strong><em>συνειπών</em></strong></span> <span class='ocrx_word' id='word_1_29' title='bbox 676 667 736 737; x_wconf 88' lang='grc' dir='ltr'><strong><em>τδν</em></strong></span> <span class='ocrx_word' id='word_1_30' title='bbox 746 668 807 755; x_wconf 73' lang='grc' dir='ltr'><strong><em>μὲν</em></strong></span> <span class='ocrx_word' id='word_1_31' title='bbox 817 666 977 756; x_wconf 67' lang='grc' dir='ltr'><strong><em>ὑβρίσθαι</em></strong></span> <span class='ocrx_word' id='word_1_32' title='bbox 984 719 994 752; x_wconf 89' lang='grc'><strong><em>,</em></strong></span> <span class='ocrx_word' id='word_1_33' title='bbox 1016 667 1078 736; x_wconf 79' lang='grc' dir='ltr'><strong><em>τὸν</em></strong></span> <span class='ocrx_word' id='word_1_34' title='bbox 1088 669 1127 738; x_wconf 73' lang='grc' dir='ltr'><strong><em>δὲ</em></strong></span> 
     </span>
     <span class='ocr_line' id='line_1_6' title="bbox 170 765 1127 857; baseline -0.004 -19"><span class='ocrx_word' id='word_1_35' title='bbox 170 768 214 857; x_wconf 74' lang='grc' dir='ltr'><strong><em>μὴ</em></strong></span> <span class='ocrx_word' id='word_1_36' title='bbox 239 775 358 839; x_wconf 87' lang='grc' dir='ltr'><strong><em>δοῦναι</em></strong></span> <span class='ocrx_word' id='word_1_37' title='bbox 379 775 476 857; x_wconf 89' lang='grc' dir='ltr'><strong><em>δίκην</em></strong></span> <span class='ocrx_word' id='word_1_38' title='bbox 496 776 639 856; x_wconf 76' lang='grc' dir='ltr'><strong><em>ποιῆσαι.</em></strong></span> <span class='ocrx_word' id='word_1_39' title='bbox 674 765 748 836; x_wconf 88' lang='grc' dir='ltr'><strong><em>ἀλλ’</em></strong></span> <span class='ocrx_word' id='word_1_40' title='bbox 767 774 797 836; x_wconf 83' lang='grc' dir='ltr'><strong><em>εί</em></strong></span> <span class='ocrx_word' id='word_1_41' title='bbox 813 774 922 848; x_wconf 80' lang='grc' dir='ltr'><strong><em>κακῶς</em></strong></span> <span class='ocrx_word' id='word_1_42' title='bbox 937 767 992 854; x_wconf 69' lang='grc' dir='ltr'><strong><em>ἐμὲ</em></strong></span> <span class='ocrx_word' id='word_1_43' title='bbox 1007 766 1127 856; x_wconf 81' lang='grc' dir='ltr'><strong><em>βούλει</em></strong></span> 
     </span>
     <span class='ocr_line' id='line_1_7' title="bbox 171 862 1127 958; baseline -0.005 -21"><span class='ocrx_word' id='word_1_44' title='bbox 171 885 293 956; x_wconf 86' lang='grc' dir='ltr'><strong><em>ποιεῖν,</em></strong></span> <span class='ocrx_word' id='word_1_45' title='bbox 316 869 487 958; x_wconf 75' lang='grc' dir='ltr'><strong><em>Εὔβουλε,</em></strong></span> <span class='ocrx_word' id='word_1_46' title='bbox 511 866 555 948; x_wconf 71' lang='grc' dir='ltr'><strong><em>οἱς</em></strong></span> <span class='ocrx_word' id='word_1_47' title='bbox 572 873 673 952; x_wconf 77' lang='grc' dir='ltr'><strong><em>ἔγωγε</em></strong></span> <span class='ocrx_word' id='word_1_48' title='bbox 690 868 736 953; x_wconf 88' lang='grc' dir='ltr'><strong><em>μά</em></strong></span> <span class='ocrx_word' id='word_1_49' title='bbox 754 867 833 946; x_wconf 84' lang='grc' dir='ltr'><strong><em>τούς</em></strong></span> <span class='ocrx_word' id='word_1_50' title='bbox 849 866 953 946; x_wconf 83' lang='grc' dir='ltr'><strong><em>θεούς</em></strong></span> <span class='ocrx_word' id='word_1_51' title='bbox 970 862 1032 934; x_wconf 83' lang='grc' dir='ltr'><strong><em>ούκ</em></strong></span> <span class='ocrx_word' id='word_1_52' title='bbox 1050 863 1127 933; x_wconf 79' lang='grc' dir='ltr'><strong><em>οἶδα</em></strong></span> 
     </span>
     <span class='ocr_line' id='line_1_8' title="bbox 171 961 1129 1053; baseline -0.003 -18"><span class='ocrx_word' id='word_1_53' title='bbox 171 966 252 1035; x_wconf 91' lang='grc' dir='ltr'><strong><em>ἀνθ’</em></strong></span> <span class='ocrx_word' id='word_1_54' title='bbox 265 965 362 1053; x_wconf 82' lang='grc' dir='ltr'><strong><em>ὅτου,</em></strong></span> <span class='ocrx_word' id='word_1_55' title='bbox 386 966 529 1034; x_wconf 88' lang='grc' dir='ltr'><strong><em>δύνασαι</em></strong></span> <span class='ocrx_word' id='word_1_56' title='bbox 539 967 600 1051; x_wconf 71' lang='grc' dir='ltr'><strong><em>μὲν</em></strong></span> <span class='ocrx_word' id='word_1_57' title='bbox 611 967 666 1034; x_wconf 80' lang='grc' dir='ltr'><strong><em>καί</em></strong></span> <span class='ocrx_word' id='word_1_58' title='bbox 677 965 858 1051; x_wconf 89' lang='grc' dir='ltr'><strong><em>πολιτεύει,</em></strong></span> <span class='ocrx_word' id='word_1_59' title='bbox 880 961 1129 1043; x_wconf 84' lang='grc' dir='ltr'><strong><em>κατάτούςνό-</em></strong></span> 
     </span>
     <span class='ocr_line' id='line_1_9' title="bbox 171 1052 1124 1153; baseline -0.003 -21"><span class='ocrx_word' id='word_1_60' title='bbox 171 1090 254 1152; x_wconf 92' lang='grc' dir='ltr'><strong><em>μους</em></strong></span> <span class='ocrx_word' id='word_1_61' title='bbox 266 1064 297 1132; x_wconf 91' lang='grc' dir='ltr'><strong><em>δ’</em></strong></span> <span class='ocrx_word' id='word_1_62' title='bbox 310 1065 428 1150; x_wconf 82' lang='grc' dir='ltr'><strong><em>ἥντινα</em></strong></span> <span class='ocrx_word' id='word_1_63' title='bbox 438 1063 553 1152; x_wconf 89' lang='grc' dir='ltr'><strong><em>βούλει</em></strong></span> <span class='ocrx_word' id='word_1_64' title='bbox 564 1062 644 1146; x_wconf 84' lang='grc' dir='ltr'><strong><em>παρ’</em></strong></span> <span class='ocrx_word' id='word_1_65' title='bbox 656 1065 740 1149; x_wconf 79' lang='grc' dir='ltr'><strong><em>ἐμοῦ</em></strong></span> <span class='ocrx_word' id='word_1_66' title='bbox 751 1067 847 1150; x_wconf 87' lang='grc' dir='ltr'><strong><em>δίκην</em></strong></span> <span class='ocrx_word' id='word_1_67' title='bbox 858 1062 1017 1153; x_wconf 78' lang='grc' dir='ltr'><strong><em>λάμβανε,</em></strong></span> <span class='ocrx_word' id='word_1_68' title='bbox 1032 1052 1080 1130; x_wconf 69' lang='grc' dir='ltr'><strong><em>οἷν</em></strong></span> <span class='ocrx_word' id='word_1_69' title='bbox 1091 1059 1124 1129; x_wconf 84' lang='grc' dir='ltr'><strong><em>δ’</em></strong></span> 
     </span>
     <span class='ocr_line' id='line_1_10' title="bbox 171 1157 1129 1249; baseline -0.002 -18"><span class='ocrx_word' id='word_1_70' title='bbox 171 1162 235 1247; x_wconf 76' lang='grc' dir='ltr'><strong><em>ἐγώ</em></strong></span> <span class='ocrx_word' id='word_1_71' title='bbox 253 1160 342 1249; x_wconf 75' lang='grc' dir='ltr'><strong><em>παρὰ</em></strong></span> <span class='ocrx_word' id='word_1_72' title='bbox 360 1162 438 1240; x_wconf 82' lang='grc' dir='ltr'><strong><em>τοὺς</em></strong></span> <span class='ocrx_word' id='word_1_73' title='bbox 455 1162 581 1247; x_wconf 85' lang='grc' dir='ltr'><strong><em>νόμους</em></strong></span> <span class='ocrx_word' id='word_1_74' title='bbox 591 1159 761 1249; x_wconf 80' lang='grc' dir='ltr'><strong><em>ὑβρίσθην</em></strong></span> <span class='ocrx_word' id='word_1_75' title='bbox 767 1213 777 1246; x_wconf 89' lang='grc'><strong><em>,</em></strong></span> <span class='ocrx_word' id='word_1_76' title='bbox 799 1161 844 1247; x_wconf 82' lang='grc' dir='ltr'><strong><em>μή</em></strong></span> <span class='ocrx_word' id='word_1_77' title='bbox 855 1157 891 1247; x_wconf 85' lang='grc' dir='ltr'><strong><em>μ’</em></strong></span> <span class='ocrx_word' id='word_1_78' title='bbox 904 1158 1053 1248; x_wconf 78' lang='grc' dir='ltr'><strong><em>ἀφαιροῦ</em></strong></span> <span class='ocrx_word' id='word_1_79' title='bbox 1063 1158 1129 1249; x_wconf 76' lang='grc' dir='ltr'><strong><em>τὴν</em></strong></span> 
     </span>
     <span class='ocr_line' id='line_1_11' title="bbox 171 1257 1127 1348; baseline 0.002 -20"><span class='ocrx_word' id='word_1_80' title='bbox 171 1266 339 1346; x_wconf 91' lang='grc' dir='ltr'><strong><em>τιμωρίαν.</em></strong></span> <span class='ocrx_word' id='word_1_81' title='bbox 364 1266 395 1328; x_wconf 88' lang='grc' dir='ltr'><strong><em>εί</em></strong></span> <span class='ocrx_word' id='word_1_82' title='bbox 403 1259 433 1328; x_wconf 88' lang='grc' dir='ltr'><strong><em>δ’</em></strong></span> <span class='ocrx_word' id='word_1_83' title='bbox 445 1257 579 1343; x_wconf 87' lang='grc' dir='ltr'><strong><em>ἀπορεῖς</em></strong></span> <span class='ocrx_word' id='word_1_84' title='bbox 589 1263 722 1339; x_wconf 81' lang='grc' dir='ltr'><strong><em>ἐκείνως</em></strong></span> <span class='ocrx_word' id='word_1_85' title='bbox 732 1287 772 1347; x_wconf 91' lang='grc' dir='ltr'><strong><em>με</em></strong></span> <span class='ocrx_word' id='word_1_86' title='bbox 783 1267 893 1340; x_wconf 79' lang='grc' dir='ltr'><strong><em>κακῶς</em></strong></span> <span class='ocrx_word' id='word_1_87' title='bbox 903 1267 1056 1347; x_wconf 78' lang='grc' dir='ltr'><strong><em>ποιῆσαι,</em></strong></span> <span class='ocrx_word' id='word_1_88' title='bbox 1075 1271 1127 1348; x_wconf 75' lang='grc' dir='ltr'><strong><em>εἴη</em></strong></span> 
     </span>
     <span class='ocr_line' id='line_1_12' title="bbox 172 1355 1129 1445; baseline 0.002 -19"><span class='ocrx_word' id='word_1_89' title='bbox 172 1355 215 1427; x_wconf 87' lang='grc' dir='ltr'><strong><em>ἀν</em></strong></span> <span class='ocrx_word' id='word_1_90' title='bbox 230 1361 400 1428; x_wconf 80' lang='grc' dir='ltr'><strong><em>καὶτοῦτο</em></strong></span> <span class='ocrx_word' id='word_1_91' title='bbox 419 1372 554 1445; x_wconf 86' lang='grc' dir='ltr'><strong><em>σημεῖον</em></strong></span> <span class='ocrx_word' id='word_1_92' title='bbox 564 1365 623 1445; x_wconf 78' lang='grc' dir='ltr'><strong><em>τῆς</em></strong></span> <span class='ocrx_word' id='word_1_93' title='bbox 633 1361 711 1445; x_wconf 78' lang='grc' dir='ltr'><strong><em>ἐμῆς</em></strong></span> <span class='ocrx_word' id='word_1_94' title='bbox 721 1361 909 1444; x_wconf 77' lang='grc' dir='ltr'><strong><em>ἐπιεικείας,</em></strong></span> <span class='ocrx_word' id='word_1_95' title='bbox 934 1357 1052 1438; x_wconf 84' lang='grc' dir='ltr'><strong><em>είτοῦς</em></strong></span> <span class='ocrx_word' id='word_1_96' title='bbox 1063 1357 1129 1428; x_wconf 84' lang='grc' dir='ltr'><strong><em>ἀλ-</em></strong></span> 
     </span>
     <span class='ocr_line' id='line_1_13' title="bbox 171 1452 1128 1545; baseline 0.001 -20"><span class='ocrx_word' id='word_1_97' title='bbox 171 1466 251 1537; x_wconf 88' lang='grc' dir='ltr'><strong><em>λους</em></strong></span> <span class='ocrx_word' id='word_1_98' title='bbox 271 1461 393 1544; x_wconf 79' lang='grc' dir='ltr'><strong><em>ῥᾳδίως</em></strong></span> <span class='ocrx_word' id='word_1_99' title='bbox 403 1464 529 1540; x_wconf 89' lang='grc' dir='ltr'><strong><em>κρίνων</em></strong></span> <span class='ocrx_word' id='word_1_100' title='bbox 551 1459 607 1541; x_wconf 75' lang='grc' dir='ltr'><strong><em>ἐμὲ</em></strong></span> <span class='ocrx_word' id='word_1_101' title='bbox 627 1457 731 1542; x_wconf 77' lang='grc' dir='ltr'><strong><em>μηδὲν</em></strong></span> <span class='ocrx_word' id='word_1_102' title='bbox 752 1461 835 1540; x_wconf 76' lang='grc' dir='ltr'><strong><em>ἔχεις</em></strong></span> <span class='ocrx_word' id='word_1_103' title='bbox 856 1452 909 1541; x_wconf 79' lang='grc' dir='ltr'><strong><em>ἐφ’</em></strong></span> <span class='ocrx_word' id='word_1_104' title='bbox 934 1454 999 1545; x_wconf 76' lang='grc' dir='ltr'><strong><em>ὅτῳ</em></strong></span> <span class='ocrx_word' id='word_1_105' title='bbox 1026 1462 1128 1526; x_wconf 86' lang='grc' dir='ltr'><strong><em>τοῦτο</em></strong></span> 
     </span>
     <span class='ocr_line' id='line_1_14' title="bbox 171 1555 327 1641; baseline 0 -21"><span class='ocrx_word' id='word_1_106' title='bbox 171 1555 327 1641; x_wconf 79' lang='grc' dir='ltr'><strong><em>ποιήσεις.</em></strong></span> 
     </span>
    </p>

    <p class='ocr_par' dir='ltr' id='par_1_4' title="bbox 112 1653 1129 2331">
     <span class='ocr_line' id='line_1_15' title="bbox 112 1653 1128 1739; baseline 0.004 -22"><span class='ocrx_word' id='word_1_107' title='bbox 112 1677 165 1731; x_wconf 74' lang='lat'><strong><em>203</em></strong></span> <span class='ocrx_word' id='word_1_108' title='bbox 255 1655 431 1737; x_wconf 87' lang='grc' dir='ltr'><strong><em>Πέπυσμαι</em></strong></span> <span class='ocrx_word' id='word_1_109' title='bbox 447 1656 565 1718; x_wconf 81' lang='grc' dir='ltr'><strong><em>τοίνυν</em></strong></span> <span class='ocrx_word' id='word_1_110' title='bbox 581 1653 636 1719; x_wconf 84' lang='grc' dir='ltr'><strong><em>καὶ</em></strong></span> <span class='ocrx_word' id='word_1_111' title='bbox 648 1658 849 1739; x_wconf 79' lang='grc' dir='ltr'><strong><em>Φιλιππίδην</em></strong></span> <span class='ocrx_word' id='word_1_112' title='bbox 860 1656 914 1720; x_wconf 77' lang='grc' dir='ltr'><strong><em>καὶ</em></strong></span> <span class='ocrx_word' id='word_1_113' title='bbox 925 1659 1128 1739; x_wconf 85' lang='grc' dir='ltr'><strong><em>Μνησαρχί-</em></strong></span> 
     </span>
     <span class='ocr_line' id='line_1_16' title="bbox 172 1746 1128 1836; baseline 0 -19"><span class='ocrx_word' id='word_1_114' title='bbox 172 1755 235 1835; x_wconf 90' lang='grc' dir='ltr'><strong><em>δην</em></strong></span> <span class='ocrx_word' id='word_1_115' title='bbox 252 1751 307 1815; x_wconf 77' lang='grc' dir='ltr'><strong><em>καί</em></strong></span> <span class='ocrx_word' id='word_1_116' title='bbox 317 1746 479 1833; x_wconf 84' lang='grc' dir='ltr'><strong><em>Διότιμον</em></strong></span> <span class='ocrx_word' id='word_1_117' title='bbox 495 1746 555 1816; x_wconf 80' lang='grc' dir='ltr'><strong><em>τὸν</em></strong></span> <span class='ocrx_word' id='word_1_118' title='bbox 571 1747 758 1836; x_wconf 78' lang='grc' dir='ltr'><strong><em>Εὐωνυμέα</em></strong></span> <span class='ocrx_word' id='word_1_119' title='bbox 774 1753 829 1818; x_wconf 80' lang='grc' dir='ltr'><strong><em>καὶ</em></strong></span> <span class='ocrx_word' id='word_1_120' title='bbox 845 1750 1018 1830; x_wconf 81' lang='grc' dir='ltr'><strong><em>τοιούτους</em></strong></span> <span class='ocrx_word' id='word_1_121' title='bbox 1033 1748 1128 1830; x_wconf 82' lang='grc' dir='ltr'><strong><em>τινάς</em></strong></span> 
     </span>
     <span class='ocr_line' id='line_1_17' title="bbox 172 1848 1128 1937; baseline 0.001 -23"><span class='ocrx_word' id='word_1_122' title='bbox 172 1854 352 1926; x_wconf 82' lang='grc' dir='ltr'><strong><em>πλουσίους</em></strong></span> <span class='ocrx_word' id='word_1_123' title='bbox 368 1849 423 1914; x_wconf 82' lang='grc' dir='ltr'><strong><em>καὶ</em></strong></span> <span class='ocrx_word' id='word_1_124' title='bbox 439 1848 655 1935; x_wconf 78' lang='grc' dir='ltr'><strong><em>τριηράρχους</em></strong></span> <span class='ocrx_word' id='word_1_125' title='bbox 673 1850 901 1936; x_wconf 71' lang='grc' dir='ltr'><strong><em>ἐξαιτήσεσθαι</em></strong></span> <span class='ocrx_word' id='word_1_126' title='bbox 917 1851 973 1917; x_wconf 80' lang='grc' dir='ltr'><strong><em>καὶ</em></strong></span> <span class='ocrx_word' id='word_1_127' title='bbox 983 1848 1128 1937; x_wconf 78' lang='grc' dir='ltr'><strong><em>λιπαρή-</em></strong></span> 
     </span>
     <span class='ocr_line' id='line_1_18' title="bbox 175 1944 1128 2033; baseline 0.002 -21"><span class='ocrx_word' id='word_1_128' title='bbox 175 1965 246 2012; x_wconf 88' lang='grc' dir='ltr'><strong><em>σειν</em></strong></span> <span class='ocrx_word' id='word_1_129' title='bbox 257 1944 335 2030; x_wconf 90' lang='grc' dir='ltr'><strong><em>παρ’</em></strong></span> <span class='ocrx_word' id='word_1_130' title='bbox 350 1944 447 2030; x_wconf 72' lang='grc' dir='ltr'><strong><em>ὑμῶν</em></strong></span> <span class='ocrx_word' id='word_1_131' title='bbox 458 1944 578 2032; x_wconf 88' lang='grc' dir='ltr'><strong><em>αῦτὸν,</em></strong></span> <span class='ocrx_word' id='word_1_132' title='bbox 601 1945 713 2027; x_wconf 87' lang='grc' dir='ltr'><strong><em>αύτοῖς</em></strong></span> <span class='ocrx_word' id='word_1_133' title='bbox 723 1945 898 2028; x_wconf 86' lang='grc' dir='ltr'><strong><em>ἀξιοῦντας</em></strong></span> <span class='ocrx_word' id='word_1_134' title='bbox 908 1951 1053 2033; x_wconf 73' lang='grc' dir='ltr'><strong><em>δοθῆναι</em></strong></span> <span class='ocrx_word' id='word_1_135' title='bbox 1063 1945 1128 2032; x_wconf 76' lang='grc' dir='ltr'><strong><em>τὴν</em></strong></span> 
     </span>
     <span class='ocr_line' id='line_1_19' title="bbox 173 2037 1129 2132; baseline 0.003 -24"><span class='ocrx_word' id='word_1_136' title='bbox 173 2043 270 2128; x_wconf 80' lang='grc' dir='ltr'><strong><em>χάριν</em></strong></span> <span class='ocrx_word' id='word_1_137' title='bbox 290 2042 424 2129; x_wconf 90' lang='grc' dir='ltr'><strong><em>ταύτην.</em></strong></span> <span class='ocrx_word' id='word_1_138' title='bbox 460 2046 534 2127; x_wconf 83' lang='grc' dir='ltr'><strong><em>περὶ</em></strong></span> <span class='ocrx_word' id='word_1_139' title='bbox 556 2037 606 2112; x_wconf 71' lang='grc' dir='ltr'><strong><em>οἷν</em></strong></span> <span class='ocrx_word' id='word_1_140' title='bbox 622 2043 722 2114; x_wconf 74' lang='grc' dir='ltr'><strong><em>οῦδὲν</em></strong></span> <span class='ocrx_word' id='word_1_141' title='bbox 739 2042 782 2113; x_wconf 87' lang='grc' dir='ltr'><strong><em>ἀν</em></strong></span> <span class='ocrx_word' id='word_1_142' title='bbox 798 2056 922 2132; x_wconf 88' lang='grc' dir='ltr'><strong><em>εῖποιμι</em></strong></span> <span class='ocrx_word' id='word_1_143' title='bbox 940 2042 1024 2128; x_wconf 79' lang='grc' dir='ltr'><strong><em>πρὸς</em></strong></span> <span class='ocrx_word' id='word_1_144' title='bbox 1039 2041 1129 2130; x_wconf 77' lang='grc' dir='ltr'><strong><em>ὑμᾶς</em></strong></span> 
     </span>
     <span class='ocr_line' id='line_1_20' title="bbox 173 2139 1129 2231; baseline 0.004 -24"><span class='ocrx_word' id='word_1_145' title='bbox 173 2149 327 2228; x_wconf 83' lang='grc' dir='ltr'><strong><em>φλαῦρον</em></strong></span> <span class='ocrx_word' id='word_1_146' title='bbox 338 2142 419 2227; x_wconf 83' lang='grc' dir='ltr'><strong><em>ἐγοί·</em></strong></span> <span class='ocrx_word' id='word_1_147' title='bbox 442 2146 497 2210; x_wconf 77' lang='grc' dir='ltr'><strong><em>καὶ</em></strong></span> <span class='ocrx_word' id='word_1_148' title='bbox 507 2141 571 2228; x_wconf 89' lang='grc' dir='ltr'><strong><em>γάρ</em></strong></span> <span class='ocrx_word' id='word_1_149' title='bbox 583 2140 627 2212; x_wconf 89' lang='grc' dir='ltr'><strong><em>ἀν</em></strong></span> <span class='ocrx_word' id='word_1_150' title='bbox 637 2151 825 2231; x_wconf 86' lang='grc' dir='ltr'><strong><em>μαινοίμην.</em></strong></span> <span class='ocrx_word' id='word_1_151' title='bbox 858 2140 933 2211; x_wconf 89' lang='grc' dir='ltr'><strong><em>ἀλλ’</em></strong></span> <span class='ocrx_word' id='word_1_152' title='bbox 951 2139 1129 2229; x_wconf 84' lang='grc' dir='ltr'><strong><em>ἀθεωρεῖν</em></strong></span> 
     </span>
     <span class='ocr_line' id='line_1_21' title="bbox 172 2234 1128 2331; baseline 0.002 -26"><span class='ocrx_word' id='word_1_153' title='bbox 172 2236 273 2324; x_wconf 78' lang='grc' dir='ltr'><strong><em>ὑμᾶς,</em></strong></span> <span class='ocrx_word' id='word_1_154' title='bbox 298 2239 380 2308; x_wconf 79' lang='grc' dir='ltr'><strong><em>ὅταν</em></strong></span> <span class='ocrx_word' id='word_1_155' title='bbox 397 2234 655 2331; x_wconf 84' lang='grc' dir='ltr'><strong><em>ούτοιδέωνται,</em></strong></span> <span class='ocrx_word' id='word_1_156' title='bbox 679 2246 792 2312; x_wconf 86' lang='grc' dir='ltr'><strong><em>δεῖκαὶ</em></strong></span> <span class='ocrx_word' id='word_1_157' title='bbox 804 2249 1007 2329; x_wconf 84' lang='grc' dir='ltr'><strong><em>λογίζεσθαι,</em></strong></span> <span class='ocrx_word' id='word_1_158' title='bbox 1029 2248 1128 2308; x_wconf 86' lang='grc' dir='ltr'><strong><em>ταῦτ’</em></strong></span> 
     </span>
    </p>

    <p class='ocr_par' dir='ltr' id='par_1_5' title="bbox 111 2334 1177 3212">
     <span class='ocr_line' id='line_1_22' title="bbox 111 2334 1126 2428; baseline 0.003 -25"><span class='ocrx_word' id='word_1_159' title='bbox 111 2350 163 2404; x_wconf 78' lang='lat'><strong><em>209</em></strong></span> <span class='ocrx_word' id='word_1_160' title='bbox 173 2342 245 2424; x_wconf 83' lang='grc' dir='ltr'><strong><em>ε’ρῦ.</em></strong></span> <span class='ocrx_word' id='word_1_161' title='bbox 269 2339 480 2428; x_wconf 72' lang='grc' dir='ltr'><strong><em>ἐνθυμεῖσθ’,</em></strong></span> <span class='ocrx_word' id='word_1_162' title='bbox 493 2334 522 2410; x_wconf 81' lang='grc' dir='ltr'><strong><em>τί</em></strong></span> <span class='ocrx_word' id='word_1_163' title='bbox 531 2342 652 2427; x_wconf 86' lang='grc' dir='ltr'><strong><em>ἀνδρες</em></strong></span> <span class='ocrx_word' id='word_1_164' title='bbox 663 2344 823 2422; x_wconf 81' lang='grc' dir='ltr'><strong><em>δικασταὶ,</em></strong></span> <span class='ocrx_word' id='word_1_165' title='bbox 836 2347 866 2408; x_wconf 89' lang='grc' dir='ltr'><strong><em>εί</em></strong></span> <span class='ocrx_word' id='word_1_166' title='bbox 875 2343 1036 2426; x_wconf 85' lang='grc' dir='ltr'><strong><em>γίνοιντο,</em></strong></span> <span class='ocrx_word' id='word_1_167' title='bbox 1049 2335 1126 2426; x_wconf 75' lang='grc' dir='ltr'><strong><em>ὃμὴ</em></strong></span> 
     </span>
     <span class='ocr_line' id='line_1_23' title="bbox 172 2433 1163 2524; baseline 0.003 -22"><span class='ocrx_word' id='word_1_168' title='bbox 172 2439 300 2520; x_wconf 83' lang='grc' dir='ltr'><strong><em>γένοιτο</em></strong></span> <span class='ocrx_word' id='word_1_169' title='bbox 318 2435 393 2504; x_wconf 82' lang='grc' dir='ltr'><strong><em>οὐδ’</em></strong></span> <span class='ocrx_word' id='word_1_170' title='bbox 411 2443 516 2524; x_wconf 81' lang='grc' dir='ltr'><strong><em>ἔσται,</em></strong></span> <span class='ocrx_word' id='word_1_171' title='bbox 540 2433 633 2507; x_wconf 81' lang='grc' dir='ltr'><strong><em>οῦτοι</em></strong></span> <span class='ocrx_word' id='word_1_172' title='bbox 650 2442 762 2523; x_wconf 87' lang='grc' dir='ltr'><strong><em>κύριοι</em></strong></span> <span class='ocrx_word' id='word_1_173' title='bbox 778 2446 836 2524; x_wconf 80' lang='grc' dir='ltr'><strong><em>τῆς</em></strong></span> <span class='ocrx_word' id='word_1_174' title='bbox 858 2443 1020 2516; x_wconf 90' lang='grc' dir='ltr'><strong><em>πολιτείας</em></strong></span> <span class='ocrx_word' id='word_1_175' title='bbox 1042 2434 1127 2522; x_wconf 86' lang='grc' dir='ltr'><strong><em>μετά</em></strong></span> <span class='ocrx_word' id='word_1_176' title='bbox 1159 2444 1163 2449; x_wconf 78' lang='grc'><strong>’</strong></span> 
     </span>
     <span class='ocr_line' id='line_1_24' title="bbox 172 2533 1128 2623; baseline 0.006 -25"><span class='ocrx_word' id='word_1_177' title='bbox 172 2537 316 2599; x_wconf 81' lang='grc' dir='ltr'><strong><em>Μειδίου</em></strong></span> <span class='ocrx_word' id='word_1_178' title='bbox 327 2537 382 2599; x_wconf 80' lang='grc' dir='ltr'><strong><em>καὶ</em></strong></span> <span class='ocrx_word' id='word_1_179' title='bbox 392 2541 460 2601; x_wconf 75' lang='grc' dir='ltr'><strong><em>τῶν</em></strong></span> <span class='ocrx_word' id='word_1_180' title='bbox 471 2533 595 2619; x_wconf 88' lang='grc' dir='ltr'><strong><em>ὁμοίων</em></strong></span> <span class='ocrx_word' id='word_1_181' title='bbox 605 2537 722 2623; x_wconf 79' lang='grc' dir='ltr'><strong><em>τούτῳ,</em></strong></span> <span class='ocrx_word' id='word_1_182' title='bbox 735 2542 793 2603; x_wconf 88' lang='grc' dir='ltr'><strong><em>καί</em></strong></span> <span class='ocrx_word' id='word_1_183' title='bbox 800 2562 848 2614; x_wconf 90' lang='grc' dir='ltr'><strong><em>τις</em></strong></span> <span class='ocrx_word' id='word_1_184' title='bbox 858 2533 954 2622; x_wconf 72' lang='grc' dir='ltr'><strong><em>ὑμῶν</em></strong></span> <span class='ocrx_word' id='word_1_185' title='bbox 963 2543 1032 2603; x_wconf 76' lang='grc' dir='ltr'><strong><em>τοῦν</em></strong></span> <span class='ocrx_word' id='word_1_186' title='bbox 1040 2543 1128 2604; x_wconf 87' lang='grc' dir='ltr'><strong><em>πολ·</em></strong></span> 
     </span>
     <span class='ocr_line' id='line_1_25' title="bbox 173 2630 1127 2721; baseline 0.002 -23"><span class='ocrx_word' id='word_1_187' title='bbox 173 2637 243 2698; x_wconf 81' lang='grc' dir='ltr'><strong><em>λῶν</em></strong></span> <span class='ocrx_word' id='word_1_188' title='bbox 258 2633 313 2698; x_wconf 78' lang='grc' dir='ltr'><strong><em>καί</em></strong></span> <span class='ocrx_word' id='word_1_189' title='bbox 331 2635 518 2717; x_wconf 72' lang='grc' dir='ltr'><strong><em>δημοτικῶν</em></strong></span> <span class='ocrx_word' id='word_1_190' title='bbox 528 2630 720 2720; x_wconf 77' lang='grc' dir='ltr'><strong><em>ἀνθρώπων</em></strong></span> <span class='ocrx_word' id='word_1_191' title='bbox 732 2632 890 2721; x_wconf 73' lang='grc' dir='ltr'><strong><em>ἁμαρτών</em></strong></span> <span class='ocrx_word' id='word_1_192' title='bbox 901 2645 948 2713; x_wconf 87' lang='grc' dir='ltr'><strong><em>εῖς</em></strong></span> <span class='ocrx_word' id='word_1_193' title='bbox 959 2660 1032 2702; x_wconf 92' lang='grc' dir='ltr'><strong><em>τινα</em></strong></span> <span class='ocrx_word' id='word_1_194' title='bbox 1041 2633 1127 2701; x_wconf 90' lang='grc' dir='ltr'><strong><em>τού-</em></strong></span> 
     </span>
     <span class='ocr_line' id='line_1_26' title="bbox 172 2725 1125 2819; baseline 0.005 -24"><span class='ocrx_word' id='word_1_195' title='bbox 172 2754 255 2814; x_wconf 90' lang='grc' dir='ltr'><strong><em>των,</em></strong></span> <span class='ocrx_word' id='word_1_196' title='bbox 267 2726 310 2815; x_wconf 76' lang='grc' dir='ltr'><strong><em>μὴ</em></strong></span> <span class='ocrx_word' id='word_1_197' title='bbox 322 2729 456 2796; x_wconf 84' lang='grc' dir='ltr'><strong><em>τοιαῦθ’</em></strong></span> <span class='ocrx_word' id='word_1_198' title='bbox 469 2725 523 2797; x_wconf 85' lang='grc' dir='ltr'><strong><em>οία</em></strong></span> <span class='ocrx_word' id='word_1_199' title='bbox 534 2735 674 2810; x_wconf 90' lang='grc' dir='ltr'><strong><em>Μειδίας</em></strong></span> <span class='ocrx_word' id='word_1_200' title='bbox 685 2739 730 2811; x_wconf 89' lang='grc' dir='ltr'><strong><em>είς</em></strong></span> <span class='ocrx_word' id='word_1_201' title='bbox 741 2737 806 2819; x_wconf 80' lang='grc' dir='ltr'><strong><em>ἐμὲ,</em></strong></span> <span class='ocrx_word' id='word_1_202' title='bbox 818 2731 891 2801; x_wconf 86' lang='grc' dir='ltr'><strong><em>ἀλλ’</em></strong></span> <span class='ocrx_word' id='word_1_203' title='bbox 905 2731 1021 2802; x_wconf 82' lang='grc' dir='ltr'><strong><em>ὁτιοῦν</em></strong></span> <span class='ocrx_word' id='word_1_204' title='bbox 1030 2731 1125 2817; x_wconf 87' lang='grc' dir='ltr'><strong><em>ἀλλο,</em></strong></span> 
     </span>
     <span class='ocr_line' id='line_1_27' title="bbox 174 2826 1127 2917; baseline 0.008 -27"><span class='ocrx_word' id='word_1_205' title='bbox 174 2831 219 2902; x_wconf 87' lang='grc' dir='ltr'><strong><em>είς</em></strong></span> <span class='ocrx_word' id='word_1_206' title='bbox 231 2826 443 2913; x_wconf 78' lang='grc' dir='ltr'><strong><em>δικαστήριον</em></strong></span> <span class='ocrx_word' id='word_1_207' title='bbox 455 2833 551 2896; x_wconf 89' lang='grc' dir='ltr'><strong><em>είσίοι</em></strong></span> <span class='ocrx_word' id='word_1_208' title='bbox 561 2835 822 2917; x_wconf 82' lang='grc' dir='ltr'><strong><em>πεπληρωμένον</em></strong></span> <span class='ocrx_word' id='word_1_209' title='bbox 831 2834 867 2899; x_wconf 77' lang='grc' dir='ltr'><strong><em>ἐκ</em></strong></span> <span class='ocrx_word' id='word_1_210' title='bbox 879 2831 1023 2914; x_wconf 84' lang='grc' dir='ltr'><strong><em>τούτων,</em></strong></span> <span class='ocrx_word' id='word_1_211' title='bbox 1034 2836 1127 2909; x_wconf 87' lang='grc' dir='ltr'><strong><em>τίνος</em></strong></span> 
     </span>
     <span class='ocr_line' id='line_1_28' title="bbox 174 2919 1128 3014; baseline 0.004 -24"><span class='ocrx_word' id='word_1_212' title='bbox 174 2922 369 3010; x_wconf 73' lang='grc' dir='ltr'><strong><em>συγγνώμης</em></strong></span> <span class='ocrx_word' id='word_1_213' title='bbox 381 2919 404 3010; x_wconf 74' lang='grc' dir='ltr'><strong><em>ἦ</em></strong></span> <span class='ocrx_word' id='word_1_214' title='bbox 414 2930 503 3004; x_wconf 88' lang='grc' dir='ltr'><strong><em>τίνος</em></strong></span> <span class='ocrx_word' id='word_1_215' title='bbox 513 2927 617 3011; x_wconf 88' lang='grc' dir='ltr'><strong><em>λόγου</em></strong></span> <span class='ocrx_word' id='word_1_216' title='bbox 628 2943 738 3014; x_wconf 80' lang='grc' dir='ltr'><strong><em>τυχεῖν</em></strong></span> <span class='ocrx_word' id='word_1_217' title='bbox 748 2925 793 2996; x_wconf 88' lang='grc' dir='ltr'><strong><em>ἀν</em></strong></span> <span class='ocrx_word' id='word_1_218' title='bbox 804 2937 930 3006; x_wconf 87' lang='grc' dir='ltr'><strong><em>οίεσθε;</em></strong></span> <span class='ocrx_word' id='word_1_219' title='bbox 947 2927 1030 3012; x_wconf 90' lang='grc' dir='ltr'><strong><em>ταχύ</em></strong></span> <span class='ocrx_word' id='word_1_220' title='bbox 1040 2923 1068 3012; x_wconf 83' lang='grc' dir='ltr'><strong><em>γ’</em></strong></span> <span class='ocrx_word' id='word_1_221' title='bbox 1082 2921 1128 2994; x_wconf 89' lang='grc' dir='ltr'><strong><em>ἀν</em></strong></span> 
     </span>
     <span class='ocr_line' id='line_1_29' title="bbox 171 3020 1127 3116; baseline 0.003 -27"><span class='ocrx_word' id='word_1_222' title='bbox 171 3030 377 3108; x_wconf 88' lang='grc' dir='ltr'><strong><em>χαρίσαιντο,</em></strong></span> <span class='ocrx_word' id='word_1_223' title='bbox 390 3020 431 3089; x_wconf 88' lang='grc' dir='ltr'><strong><em>ού</em></strong></span> <span class='ocrx_word' id='word_1_224' title='bbox 443 3024 524 3108; x_wconf 88' lang='grc' dir='ltr'><strong><em>γάρ;</em></strong></span> <span class='ocrx_word' id='word_1_225' title='bbox 539 3021 562 3112; x_wconf 74' lang='grc' dir='ltr'><strong><em>γ’γ’</em></strong></span> <span class='ocrx_word' id='word_1_226' title='bbox 574 3030 727 3112; x_wconf 84' lang='grc' dir='ltr'><strong><em>δεηθέντι</em></strong></span> <span class='ocrx_word' id='word_1_227' title='bbox 737 3053 782 3116; x_wconf 78' lang='grc' dir='ltr'><strong><em>τςο</em></strong></span> <span class='ocrx_word' id='word_1_228' title='bbox 794 3034 864 3093; x_wconf 79' lang='grc' dir='ltr'><strong><em>νῦν</em></strong></span> <span class='ocrx_word' id='word_1_229' title='bbox 874 3032 1006 3093; x_wconf 82' lang='grc' dir='ltr'><strong><em>πολλῶν</em></strong></span> <span class='ocrx_word' id='word_1_230' title='bbox 1017 3045 1127 3112; x_wconf 92' lang='grc' dir='ltr'><strong><em>προσ-</em></strong></span> 
     </span>
     <span class='ocr_line' id='line_1_30' title="bbox 172 3117 1177 3212; baseline -0.001 -23"><span class='ocrx_word' id='word_1_231' title='bbox 172 3135 296 3206; x_wconf 84' lang='grc' dir='ltr'><strong><em>σχοῖεν,</em></strong></span> <span class='ocrx_word' id='word_1_232' title='bbox 315 3118 389 3188; x_wconf 88' lang='grc' dir='ltr'><strong><em>ἀλλ’</em></strong></span> <span class='ocrx_word' id='word_1_233' title='bbox 402 3117 465 3189; x_wconf 89' lang='grc' dir='ltr'><strong><em>ούκ</em></strong></span> <span class='ocrx_word' id='word_1_234' title='bbox 477 3117 522 3190; x_wconf 90' lang='grc' dir='ltr'><strong><em>ἀν</em></strong></span> <span class='ocrx_word' id='word_1_235' title='bbox 532 3122 659 3205; x_wconf 86' lang='grc' dir='ltr'><strong><em>εύθίως</em></strong></span> <span class='ocrx_word' id='word_1_236' title='bbox 670 3122 883 3193; x_wconf 83' lang='grc' dir='ltr'><strong><em>είποιεν“τόν</em></strong></span> <span class='ocrx_word' id='word_1_237' title='bbox 894 3123 929 3192; x_wconf 69' lang='grc' dir='ltr'><strong><em>δὲ</em></strong></span> <span class='ocrx_word' id='word_1_238' title='bbox 940 3123 1125 3212; x_wconf 88' lang='grc' dir='ltr'><strong><em>βάσκανον,</em></strong></span> <span class='ocrx_word' id='word_1_239' title='bbox 1137 3134 1177 3188; x_wconf 72' lang='grc'><strong><em>581</em></strong></span> 
     </span>
    </p>
   </div>
   <div class='ocr_carea' id='block_1_3' title="bbox 107 3214 1127 3509">
    <p class='ocr_par' dir='ltr' id='par_1_6' title="bbox 107 3214 1127 3509">
     <span class='ocr_line' id='line_1_31' title="bbox 168 3214 1127 3311; baseline 0.004 -25"><span class='ocrx_word' id='word_1_240' title='bbox 168 3214 248 3287; x_wconf 68' lang='lat' dir='ltr'><strong><em>“cdv</em></strong></span> <span class='ocrx_word' id='word_1_241' title='bbox 261 3219 296 3288; x_wconf 68' lang='grc' dir='ltr'><strong><em>δὲ</em></strong></span> <span class='ocrx_word' id='word_1_242' title='bbox 307 3218 453 3308; x_wconf 79' lang='grc' dir='ltr'><strong><em>ὄλεθρον</em></strong></span> <span class='ocrx_word' id='word_1_243' title='bbox 460 3273 469 3308; x_wconf 95' lang='grc'><strong><em>,</em></strong></span> <span class='ocrx_word' id='word_1_244' title='bbox 482 3231 603 3291; x_wconf 91' lang='grc' dir='ltr'><strong><em>τοῦτον</em></strong></span> <span class='ocrx_word' id='word_1_245' title='bbox 615 3224 651 3292; x_wconf 74' lang='grc' dir='ltr'><strong><em>δὲ</em></strong></span> <span class='ocrx_word' id='word_1_246' title='bbox 661 3221 824 3311; x_wconf 77' lang='grc' dir='ltr'><strong><em>ὑβρίζειν,</em></strong></span> <span class='ocrx_word' id='word_1_247' title='bbox 836 3221 998 3290; x_wconf 79' lang='grc' dir='ltr'><strong><em>ἀναπνεῖν</em></strong></span> <span class='ocrx_word' id='word_1_248' title='bbox 1009 3226 1059 3301; x_wconf 82' lang='grc' dir='ltr'><strong><em>δί;</em></strong></span> <span class='ocrx_word' id='word_1_249' title='bbox 1083 3218 1127 3290; x_wconf 76' lang='grc' dir='ltr'><strong><em>ὃν</em></strong></span> 
     </span>
     <span class='ocr_line' id='line_1_32' title="bbox 107 3312 1126 3409; baseline 0.005 -25"><span class='ocrx_word' id='word_1_250' title='bbox 107 3312 219 3385; x_wconf 75' lang='grc' dir='ltr'><strong><em>21.0“εῖ</em></strong></span> <span class='ocrx_word' id='word_1_251' title='bbox 227 3343 276 3397; x_wconf 88' lang='grc' dir='ltr'><strong><em>τις</em></strong></span> <span class='ocrx_word' id='word_1_252' title='bbox 286 3322 325 3408; x_wconf 78' lang='grc' dir='ltr'><strong><em>ἐᾷ</em></strong></span> <span class='ocrx_word' id='word_1_253' title='bbox 336 3326 403 3407; x_wconf 81' lang='grc' dir='ltr'><strong><em>ζῆν,</em></strong></span> <span class='ocrx_word' id='word_1_254' title='bbox 415 3319 548 3407; x_wconf 79' lang='grc' dir='ltr'><strong><em>ἀγαπᾶν</em></strong></span> <span class='ocrx_word' id='word_1_255' title='bbox 557 3319 654 3402; x_wconf 75' lang='grc' dir='ltr'><strong><em>ἔδειξ’</em></strong></span> <span class='ocrx_word' id='word_1_256' title='bbox 665 3319 709 3409; x_wconf 81' lang='grc' dir='ltr'><strong><em>μὴ</em></strong></span> <span class='ocrx_word' id='word_1_257' title='bbox 720 3328 845 3407; x_wconf 90' lang='grc' dir='ltr'><strong><em>τοίνυν,</em></strong></span> <span class='ocrx_word' id='word_1_258' title='bbox 859 3314 886 3388; x_wconf 76' lang='grc' dir='ltr'><strong><em>ἀ</em></strong></span> <span class='ocrx_word' id='word_1_259' title='bbox 893 3320 1013 3408; x_wconf 87' lang='grc' dir='ltr'><strong><em>ἀνδρες</em></strong></span> <span class='ocrx_word' id='word_1_260' title='bbox 1019 3319 1126 3408; x_wconf 76' lang='grc' dir='ltr'><strong><em>Ἀθη·</em></strong></span> 
     </span>
     <span class='ocr_line' id='line_1_33' title="bbox 168 3416 1124 3509; baseline 0.002 -25"><span class='ocrx_word' id='word_1_261' title='bbox 168 3428 271 3502; x_wconf 85' lang='grc' dir='ltr'><strong><em>ναῖοι,</em></strong></span> <span class='ocrx_word' id='word_1_262' title='bbox 293 3420 423 3498; x_wconf 81' lang='grc' dir='ltr'><strong><em>τούτοις</em></strong></span> <span class='ocrx_word' id='word_1_263' title='bbox 438 3435 505 3500; x_wconf 88' lang='grc' dir='ltr'><strong><em>τοῖς</em></strong></span> <span class='ocrx_word' id='word_1_264' title='bbox 523 3421 611 3490; x_wconf 81' lang='grc' dir='ltr'><strong><em>οὕτω</em></strong></span> <span class='ocrx_word' id='word_1_265' title='bbox 627 3425 845 3506; x_wconf 80' lang='grc' dir='ltr'><strong><em>χρησαμένοις</em></strong></span> <span class='ocrx_word' id='word_1_266' title='bbox 863 3416 907 3489; x_wconf 88' lang='grc' dir='ltr'><strong><em>ἀν</em></strong></span> <span class='ocrx_word' id='word_1_267' title='bbox 922 3418 1001 3509; x_wconf 83' lang='grc' dir='ltr'><strong><em>ὑμῖν</em></strong></span> <span class='ocrx_word' id='word_1_268' title='bbox 1013 3418 1124 3499; x_wconf 85' lang='grc' dir='ltr'><strong><em>ἀλλως</em></strong></span> 
     </span>
    </p>
   </div>
   <div class='ocr_carea' id='block_1_4' title="bbox 0 0 1193 3854">
    <p class='ocr_par' dir='ltr' id='par_1_7' title="bbox 0 0 1193 3854">
     <span class='ocr_line' id='line_1_34' title="bbox 0 0 1193 3854; baseline 0 0"><span class='ocrx_word' id='word_1_269' title='bbox 0 0 1193 3854; x_wconf 95' lang='lat' dir='ltr'><strong><em> </em></strong></span> 
     </span>
    </p>
   </div>
  </div>
 </body>
</html>
