2370 3854
123 323 187 389 484
348 329 402 388 XL.
434 325 855 388 ΔΗΜΟΣΘΕΝΟῬΣ

123 513 227 574 μενον
244 494 285 575 τῇ
301 489 399 574 μητρὶ
409 484 578 573 ὀργισθείς
588 512 620 554 τι
631 493 672 573 τῇ
681 486 810 552 τούτων
819 483 968 571 ἠτίμαζε·
992 486 1080 555 πολύ

121 611 188 674 χορ
208 586 317 674 δήπου
333 592 461 672 μᾶλλον
477 585 655 670 εἰώθασιν,
679 575 729 650 ἀν
744 579 788 652 ἀν
799 587 837 652 έν
848 581 960 663 αὑτοῖς
973 589 1082 654 διενε-

121 693 230 779 χθύσι
246 683 333 771 γυνη
342 686 398 753 καὶ
408 683 511 771 ἀνὴρ,
535 682 795 750 διαλλάττεσθαι
807 679 861 748 διά
872 683 951 761 τούς
962 688 1081 764 παῖδας

121 781 145 870 ἦ
167 781 221 852 διδι
242 781 301 863 τάς
323 782 407 871 πρὸς
428 780 568 861 ἑαυτούς
588 779 691 868 ὀργὰς
710 781 789 860 τοὺς
807 778 945 861 κοινούς
960 785 1080 861 παῖδας

124 885 207 967 πρὸς
223 898 342 970 μισεῖν.
376 880 455 951 ὥστ’
474 882 535 949 ἐὰν
545 880 606 968 μὲν
617 884 764 968 ἐπιχειρῇ
774 887 878 949 ταῦτα
889 884 1012 965 λέγειν,
1034 882 1078 967 μη

81 984 309 1067 θοέπιτρέπετε
325 979 416 1072 αύτῷ
436 981 684 1068 ἀναισχυντεῖν·
706 974 750 1047 ἀν
770 981 805 1049 δὲ
822 983 902 1068 λέχη
919 984 994 1065 περὶ
1011 986 1079 1047 τῶν

123 1086 226 1149 δικῶν
245 1077 283 1159 ἀς
302 1078 504 1170 ἀπεδιῄτησέ
515 1077 609 1166 μονὸ
624 1077 805 1165 διαιτητὴς,
827 1081 883 1146 καὶ
895 1078 1006 1167 φύσκη
1016 1075 1078 1144 ὑπ’

122 1183 205 1266 ἐμοῦ
221 1176 454 1262 ἀπαράσκευος
469 1186 660 1266 ληφθῆναι,
684 1187 817 1264 πρῶτον
834 1181 896 1264 μὲν
905 1180 1077 1265 μέμνησθε

122 1276 174 1345 ὅτι
190 1275 252 1345 ούκ
270 1273 381 1362 ὀλίγος
398 1279 517 1364 χρόνος
528 1281 657 1364 ἐγένετο
687 1281 723 1346 έν
747 1270 853 1369 ᾦέδει
864 1278 1077 1362 παρασκευά-

121 1386 246 1445 σασθαι
264 1373 384 1461 αύτόν,
406 1374 480 1445 ἀλλ’
493 1385 548 1464 ἔτη
562 1376 686 1462 πολλά,
708 1378 817 1446 ἔπειθ’
829 1378 880 1446 ὅτι
893 1368 990 1457 οὗτος
999 1369 1074 1464 ἦνὸ

121 1475 253 1544 διύκων
262 1472 324 1560 τὴν
336 1478 442 1562 δίκην,
456 1473 540 1544 ὥστε
552 1473 639 1544 πολύ
650 1485 779 1563 μᾶλλον
788 1468 832 1563 ἦν
843 1474 930 1556 εἰκὸς
940 1477 996 1561 ἐμὲ
1007 1472 1073 1542 ὑπὸ

29 1608 34 1613 ·
77 1595 110 1650 31
119 1574 241 1641 τούτου
251 1571 486 1659 ἀπαράσκευον
495 1571 702 1662 ληφθηναιῆ
713 1583 834 1652 τοῦτον
848 1571 901 1642 ὑπ’
914 1579 1005 1661 ἐμοῦ.
1029 1579 1076 1642 ἔτι

120 1673 156 1741 δέ
173 1672 295 1753 πάντες
311 1670 392 1759 ύμῖν
410 1679 444 1741 ολ
459 1673 543 1761 πρὸς
559 1682 607 1761 τῷ
619 1678 765 1763 διαιτητῇ
776 1675 939 1761 παρόντες
949 1700 1075 1762 μεμαρ·

119 1772 304 1858 τυρηκασιν
316 1771 360 1850 ὡς
370 1763 467 1852 οὗτος
477 1772 594 1860 παροδν
606 1771 722 1859 αύτός,
734 1771 790 1841 ὅτε
800 1771 1001 1863 ἀπεδιῄτησέ
1009 1799 1076 1860 μου

120 1867 138 1938 ὁ
158 1867 343 1957 διαιτητὴς,
367 1868 443 1938 οὔτε
459 1873 584 1959 ἐφῆκεν
603 1877 649 1950 εἰς
659 1871 696 1940 τὸ
709 1873 922 1960 δικαστήριον
932 1876 1078 1959 ἐνέμεινέ

119 1995 155 2036 τε
171 1976 213 2055 τῇ
230 1973 345 2056 διαίτη.
378 1976 486 2037 καίτοι
503 1968 629 2038 ἀποπον
642 1975 734 2038 δοκεῖ
743 1998 799 2057 μοι
809 1971 909 2057 εἶναι,
933 1977 964 2039 εἰ
972 1977 1007 2039 ολ
1014 1971 1077 2058 μὲν

119 2065 228 2151 ἄλλοι,
252 2065 334 2134 ὅταν
351 2075 485 2135 οἴωνται
495 2065 699 2150 ἀδικεῖσθαι,
721 2069 775 2135 καὶ
786 2067 845 2146 τάς
855 2070 946 2135 πάνυ
956 2070 1077 2152 μικράς

120 2171 214 2245 δίκας
231 2170 277 2244 εἰς
292 2161 380 2252 ὑμᾶς
393 2167 542 2251 ἐφιᾶσιν,
566 2156 664 2244 οὗτος
675 2166 713 2233 δέ
721 2190 778 2251 μοι
789 2167 864 2249 περὶ
875 2162 1013 2252 προικὸς
1024 2170 1077 2234 δί-

120 2292 183 2352 κην
200 2262 366 2333 ταλάντον
379 2261 620 2354 λαχοδνταύτη,
644 2260 688 2344 ὡς
699 2261 800 2344 αύτός
812 2285 930 2353 φησιν,
954 2262 1076 2345 ἀδίκως

77 2364 386 2450 3ηκατοιδιαιτηθεὶς
401 2367 575 2451 ἐνέμεινεν.
609 2364 651 2451 νη
663 2361 733 2452 Δί’,
755 2361 940 2451 ἀπράγμων
950 2365 1015 2448 νάρ
1026 2374 1142 2443 τις1011

120 2472 199 2541 ῖσιις
208 2463 297 2531 ἐστὶν
304 2460 485 2547 ἄνθρωπος
493 2466 548 2531 καὶ
556 2461 598 2533 ού
608 2461 788 2549 φιλόδικος.
807 2460 994 2550 ἐβουλόμην
1002 2458 1075 2548 τάν,

121 2554 148 2628 ἀ
156 2560 276 2644 ἀνδρες
287 2543 447 2648 δικασταδ,
459 2570 613 2630 τοιοῦτον
622 2558 726 2629 αὐτὸν
736 2560 827 2628 εἶναι.
850 2561 928 2628 νυνὶ
937 2557 969 2627 δ’
983 2557 1076 2646 ύμεῖς

120 2660 181 2745 μὲν
204 2659 311 2739 οὕτως
331 2661 403 2729 ἐστὲ
424 2663 532 2729 κοινοὶ
549 2664 604 2729 καὶ
622 2660 874 2746 φιλάνθρωποι,
898 2655 979 2726 ὥστ’
996 2655 1076 2725 οὐδὲ

119 2756 198 2836 τούς
213 2767 280 2827 τῶν
297 2760 475 2846 τριάκοντα
491 2766 573 2839 υλεῖς
593 2764 804 2848 φυγαδεῦσαι
820 2760 856 2826 ἐκ
873 2766 932 2844 τῆς
948 2759 1074 2834 πόλεως

119 2855 293 2944 ἠξιώσατε·
316 2850 415 2937 οὗτος
427 2857 458 2925 δ’
472 2862 543 2946 ἐμοὶ
553 2857 635 2946 μετὰ
646 2858 859 2934 Μενεκλέους
869 2865 931 2922 τοῦ
939 2855 1075 2924 πάντων

119 2954 249 3022 τούτων
265 2953 493 3040 ἀρχιτέκτονος
503 2956 758 3043 ἐπιβουλεύσας,
780 2956 836 3023 καὶ
847 2957 879 3035 ἐξ
889 2952 1076 3041 ἀντιλογίας

119 3055 175 3123 καὶ
185 3058 352 3142 λοιδορίας
363 3051 490 3141 πληγάς
501 3055 751 3142 συναψάμενος,
773 3055 936 3142 έπιτεμδν
946 3053 1008 3141 τὴν
1019 3081 1074 3123 κε-

119 3149 233 3239 φαλὴν
250 3149 356 3221 αὑτοῦ
371 3154 559 3241 τραύματος
576 3153 758 3242 εἰς”Αρειον
774 3154 884 3239 πάχον
900 3181 941 3241 με
953 3174 1077 3240 προσε-

77 3266 112 3320 33
119 3255 297 3339 καλέσατε,
321 3251 365 3333 ἀς
383 3253 608 3340 φυγαδεύσων
626 3257 662 3323 ἐκ
679 3264 738 3342 τῆς
755 3254 892 3333 πόλεως.
924 3258 980 3323 καὶ
991 3253 1075 3342 ελμη

118 3347 314 3432 Εὐθύδικος
330 3349 348 3420 ὁ
368 3352 496 3441 λατρδς,
519 3353 602 3441 πρὸς
615 3351 656 3422 δν
667 3345 808 3422 οὖτοιτδ
820 3360 954 3438 πρῶτον
964 3346 1076 3442 ἦλθον

106 3449 266 3538 δεόμενοι
284 3456 452 3543 ἐπιτεμεῖν
468 3451 531 3545 τὴν
547 3451 715 3542 κεφαλὴν,
738 3449 839 3532 αὐτὸς
856 3448 940 3536 πρὸς
960 3450 1022 3540 την
1042 3457 1076 3533 ἐξ

91 3553 229 3630 Ἀρειον
247 3554 370 3643 πάγου
382 3555 521 3648 βουλὴν
535 3555 606 3628 εἶπε
617 3555 679 3645 τὴν
692 3553 853 3642 ἀλήθειαν
864 3561 996 3635 πᾶσαν,
1009 3578 1080 3616 τοι-
1125 3586 1131 3597 ›
