2370 3854
322 237 462 297 ΠΡΟΣ
483 235 736 297 ΟΝΗΤΟΡΑ
757 237 794 297 Β.
845 261 850 268 ·
973 237 1036 301 363

84 397 190 466 αὐτὸν
200 396 405 481 πειράσομαι.
439 386 538 474 οὗτος
548 396 630 481 γὰρ,
650 388 809 480 οἷάνδρες
820 400 985 481 δικασταὶ,
997 397 1034 464 τό

86 504 220 581 πρῶτον
230 494 285 564 ὅτε
295 503 363 562 τῶν
373 492 520 581 Ἀφόβου
532 499 688 562 διενοεῖτο
706 491 941 582 ἀμφισβητεῖν,
962 493 1035 581 οὐχὶ

84 596 249 663 τάλαντον
260 598 321 679 ἔφη
333 591 396 678 την
406 589 521 679 προῖχ’,
531 590 642 676 ὥσπερ
654 595 741 678 νυνὶ,
749 590 817 660 ἀλλ’
827 591 1034 679 ὀγδοήκοντα

85 700 169 777 μνᾶς
180 693 376 776 δεδωκέναι,
394 692 450 758 καὶ
459 698 595 777 τίθησιν
606 690 707 777 ὅρους
718 693 769 759 ἐπὶ
781 695 842 777 μὲν
853 690 914 778 τὴν
926 698 1034 760 οἰκίαν

86 795 268 874 δισχιλίων,
282 789 334 855 έπλ
346 788 381 856 δέ
393 786 429 856 τό
442 799 565 877 χωρίον
577 790 757 874 ταλάντου,
775 790 978 876 βουλόμενος
989 788 1033 875 μη
1114 868 1120 883 ι

59 890 191 974 ςμόνον
201 895 311 972 τοῦτο,
328 885 412 956 άλλά
423 887 581 976 κάκείνην
593 889 764 971 διασώζειν
772 886 872 978 αὐτῷ.
896 894 1034 974 γενομέ-

84 1015 145 1074 νης
163 989 202 1054 δέ
216 1013 272 1073 μοι
288 994 346 1074 τῆς
364 992 455 1073 δίκης
472 989 556 1076 πρὸς
572 987 695 1075 αάτδν,
719 989 804 1056 ίδων
822 985 865 1068 ὡς
878 986 1033 1055 διέκεισδ’

84 1086 179 1173 ὑμεῖς
192 1087 274 1174 πρὸς
287 1086 366 1166 τούς
376 1094 452 1155 λίαν
463 1084 607 1166 άναιδως
619 1087 834 1173 άδικούντας,
853 1094 972 1166 ἔννους
981 1096 1034 1172 χί-

82 1214 212 1273 μνεται,
231 1188 286 1255 καὶ
304 1185 394 1253 δεινά
412 1187 549 1272 πάσχειν
566 1184 713 1272 ἡγήσατο
725 1187 834 1265 δόξειν
845 1187 900 1271 έμὲ
912 1188 1035 1256 τοσού-

83 1312 150 1353 των
166 1284 341 1378 χρημάτων
359 1280 640 1370 ἀπεστερημένον,
662 1291 693 1352 εί
707 1282 786 1371 μηδ’
801 1282 916 1353 ὁτιοῦν
932 1287 1033 1371 ἕξοιμι

82 1383 306 1470 τοῖνἎφάβου
322 1389 437 1468 λαβεῖν
454 1389 516 1450 τοῦ
526 1380 614 1469 τάμά
626 1389 771 1468 ἔχοντος,
793 1380 863 1450 ἀλλ’
874 1380 940 1452 ὖπδ
952 1384 1032 1450 τοά-

57 1507 141 1559 3του
153 1481 514 1568 κωλυόμενοςφανερὸς
524 1481 712 1569 γενήσομαι.
735 1485 789 1551 καὶ
799 1489 833 1550 τί
841 1494 941 1563 ποιεῖς
954 1481 1033 1560 τοὺς

82 1580 183 1667 ὅρους
194 1578 258 1648 ἀπὸ
269 1587 327 1666 τῆς
339 1586 442 1659 οίκίας
455 1579 600 1667 ἀφαιρεῖ,
619 1582 673 1651 καὶ
684 1582 848 1649 τάλαντον
860 1579 968 1668 μόνον
984 1579 1031 1647 εί-

84 1708 140 1747 ναι
154 1678 216 1767 τὴν
226 1679 347 1765 προῖκά
359 1700 472 1766 φησιν,
492 1684 530 1749 έν
540 1673 569 1772 ᾦ
578 1679 615 1748 τό
627 1690 749 1767 χωρίον
761 1679 1031 1768 άποτετιμῆδθαι.

85 1786 191 1848 καίτοι
202 1784 306 1866 δῆλον
317 1777 368 1848 ὅτι
378 1778 457 1859 τούς
473 1782 525 1849 έπὶ
543 1789 600 1868 τῆς
617 1788 722 1861 οἰκίας
735 1780 836 1867 ὅρους
848 1787 878 1849 εί
888 1787 1034 1862 δικαίους

85 1886 186 1966 έδηκε
203 1881 257 1948 καὶ
276 1879 380 1961 ὄντως
397 1877 550 1967 ἀληθεῖς,
576 1885 722 1959 δικαίους
738 1882 792 1949 καὶ
809 1880 887 1960 τούς
905 1883 957 1948 έπὶ
974 1889 1034 1948 τοῦ

85 2082 153 2155 δεῖς
168 2082 291 2163 έθηκεν
307 2080 469 2163 ἐκείνους,
491 2078 579 2156 είκός
592 2082 647 2146 καὶ
662 2079 801 2157 τούτους
820 2078 882 2146 οὐκ
900 2077 1035 2163 ἀληθεῖς

59 2173 256 2259 εὐπάρχειν.
279 2182 378 2241 τοῦτο
396 2183 512 2243 τοίνυν
530 2175 592 2242 οὐκ
611 2181 644 2256 ἐξ
662 2170 711 2244 οἷν
719 2175 783 2260 ἐγω
796 2176 967 2261 δεδήλωκα
976 2175 1036 2243 λό·
1043 2188 1092 2243 87ῖ

84 2299 155 2358 μων
171 2277 224 2338 δεῖ
237 2285 388 2353 σκοπεῖν,
411 2268 480 2339 ἀλλ’
493 2275 525 2351 έξ
543 2265 592 2339 οἷν
604 2262 704 2351 αὐτὸς
715 2265 812 2350 οὗτος
824 2273 1034 2354 διεπράξατο·

85 2366 160 2435 οὐδ’
169 2364 223 2451 ὑφ’
234 2366 308 2446 ένός
320 2369 384 2454 γάρ
396 2367 618 2454 ἀναγκασθείς
629 2369 823 2457 άνθράπων
834 2369 933 2451 αάτδς
944 2369 1036 2438 άνεῖ-

85 2475 121 2534 λε
142 2468 219 2545 τοὺς
238 2466 356 2553 ὅρους,
379 2475 464 2559 ἔργῳ
482 2467 633 2557 φανερὸν
650 2472 789 2556 ποιήσας
807 2469 858 2538 ὅτι
869 2471 1032 2552 ψεύδεται.

85 2569 139 2634 καὶ
149 2564 246 2635 ταῦθ’
260 2564 303 2646 ὡς
321 2566 434 2656 άληδη
450 2570 552 2654 λέγω,
570 2566 607 2636 τό
621 2570 683 2655 μὲν
699 2576 820 2655 χωρίον
831 2571 886 2638 καί
897 2577 963 2636 νῦν
973 2561 1035 2636 οὗ·

84 2665 140 2743 τός
169 2688 272 2752 φησιν
300 2665 561 2754 άποτετιμῆσδαι
586 2669 768 2754 ταλάντου,
801 2667 863 2753 τὴν
882 2665 912 2734 δ’
926 2673 1035 2735 ον’κίαν

86 2762 130 2841 οἱς
139 2773 369 2849 προσωρίσατο
381 2771 548 2853 δισχιλίων
558 2772 613 2835 καὶ
631 2767 732 2836 πάλιν
741 2766 820 2847 τούς
833 2765 934 2851 ὅρους
944 2764 1035 2833 άνεῖ-

85 2869 121 2927 λε
136 2865 317 2950 γενομένης
332 2873 390 2951 τῆς
408 2872 516 2954 δίκης,
538 2865 617 2945 τούς
635 2868 762 2946 εἰδότας
774 2864 855 2952 ὑμῖν
866 2866 1035 2952 μάρτυρας

85 2961 273 3044 παρέξομαι.
298 2970 357 3030 καί
363 2991 419 3049 μοι
430 2965 509 3053 λαβὲ
519 2965 582 3051 την
592 2978 788 3052 μαρτυρίαν.

437 3125 678 3185 MAPTYPIA.

35 3255 77 3331 *5
168 3258 284 3339 Δηλον
299 3259 415 3321 τοίνυν
435 3252 487 3323 ὅτι
508 3259 676 3338 δισχιλίων
696 3253 758 3339 μὲν
777 3248 958 3337 ὡρισμένος
975 3251 1036 3337 την

86 3357 211 3437 οἰκίαν,
236 3351 402 3421 ταλάντου
414 3355 450 3421 δὲ
465 3353 503 3420 τὸ
515 3359 654 3439 χωρίον,
679 3350 723 3430 ὦς
734 3348 940 3437 ὀγδοήκοντα
951 3359 1035 3434 μνᾶς

88 3448 240 3528 δεδωκάς
259 3454 395 3536 ἔμελλεν
415 3449 687 3538 ἀμφισβητήσειν.
722 3455 833 3536 μεῖζον
854 3441 918 3516 οὖν
941 3447 984 3515 ἄν
1005 3475 1040 3512 τι
