2370 3854
169 203 231 265 368
372 204 478 259 xxxn.
498 200 917 260 ΔΗΜΟΣΘΕΝΟΤΣ

170 368 393 448 συμβολαίων,
405 361 546 442 καὶπερὶ
557 351 659 426 άνδν
671 351 731 425 οἷσι
742 365 948 445 συγγραφαί·
971 355 1015 426 ἂν
1026 361 1067 427 δέ
1074 386 1125 441 τις

169 459 369 544 παραταῦτα
379 459 553 544 δικάζηται,
562 455 606 542 μή
615 457 837 543 εἰσαγώγιμον
847 455 932 524 εἶναι
941 455 1004 542 τήν
1014 461 1122 543 δίκην.

142 558 274 646 λτούτφ
290 564 407 626 τοίνυν
418 558 622 641 Ζηνοθέμιδι
643 552 726 640 πρὸς
741 554 802 640 μὲν
818 557 873 640 ἐμὲ
890 552 943 621 ὅτι
961 552 1063 623 οὐδὲν
1079 548 1125 643 ἦν

169 657 376 742 συμβόλαιον
394 653 472 722 οῦδὲ
489 653 685 740 συγγραφή,
709 649 831 732 καύτὸς
855 651 1012 740 ὁμολογεῖ
1020 658 1060 722 ἐν
1074 661 1123 745 τῷ

169 755 362 841 ἐγκλήματι·
386 758 533 843 δανεῖσαι
544 756 582 819 δέ
591 772 693 837 φησιν
707 748 912 841 Ἡγεστράτῳ
930 751 1121 842 ναυκλήρῳ,

168 854 291 921 τούτου
303 853 338 919 δὲ
355 849 565 936 ἀπολομένου
583 853 620 918 ἐν
637 858 684 939 τῷ
700 847 833 935 πελάγει
849 848 933 937 ἡμᾶς
943 849 981 919 τδ
993 860 1122 920 ναῦλον

169 955 441 1033 σφετερίσασθαι·
473 950 565 1014 τουτὶ
583 945 621 1015 τὸ
644 948 789 1032 ἔγκλημά
800 951 897 1015 ἐστιν.
936 952 973 1017 ἐκ
996 948 1121 1036 δήτοῦ

169 1047 274 1115 αὐτοῦ
285 1046 389 1129 λόγου
400 1046 463 1133 τήν
472 1072 509 1114 τε
527 1050 622 1133 δίκην
633 1045 696 1113 οὐκ
708 1043 927 1132 εἰσαγώγιμον
938 1040 1046 1116 οὖσαν
1055 1074 1122 1135 μα-

168 1145 319 1232 θήσεσθε
336 1147 391 1211 καὶ
408 1142 469 1230 τήν
488 1142 570 1231 ὅλην
589 1143 771 1232 ἐπιβουλήν
787 1145 842 1210 καὶ
859 1150 1025 1231 πονηρίαν
1040 1172 1121 1213 του-

143 1245 241 1316 3τουὶ
251 1250 311 1310 τοῦ
324 1241 510 1327 ἄνθρωπον
522 1242 659 1324 ὄψεσθε.
689 1248 803 1328 δέομαι
822 1239 853 1309 δ’
865 1240 962 1328 ὑμῶν
973 1244 1120 1329 πάντων,

170 1336 327 1428 άάνδρες
338 1345 504 1428 δικασταὶ,
523 1353 614 1424 είπερ
627 1341 716 1429 άλλφ
733 1342 797 1408 τινὶ
811 1341 943 1409 πάποτε
955 1342 1122 1429 πράγματι

167 1438 227 1508 τόν
239 1448 325 1508 νοῦν
337 1445 549 1527 προσέσχετε,
568 1443 624 1509 καὶ
640 1441 746 1528 τούτῳ
761 1455 953 1526 προσσχεῖν·
977 1437 1122 1510 άιιοῦσε-

168 1549 232 1606 σθε
248 1538 313 1624 γὰρ
331 1538 516 1623 ἀνθρώπου
533 1539 658 1625 τόλμαν
674 1540 729 1607 καὶ
749 1546 914 1624 πονηρίαν
929 1536 972 1605 οῦ
988 1536 1123 1625 τήντν-

167 1645 311 1724 χοῦσαν,
328 1637 432 1722 ἄνπερ
452 1637 517 1723 ἐγώ
535 1634 575 1703 τά
596 1633 793 1722 πεπραγμέν’
820 1634 911 1724 αὐτῷ
934 1633 1018 1720 πρδς
1034 1634 1174 1722 ῦμῦςςχχ

168 1735 327 1813 πολλάκις
338 1741 441 1803 εἰπεῖν
454 1740 602 1821 δυνηθῶ.
627 1732 716 1820 οἶμαι
727 1735 771 1800 δέ.

144 1850 162 1902 4
253 1833 441 1917 Ζηνόθεμις
456 1832 520 1917 γὰρ
533 1832 646 1900 οὑτοσὶ
665 1829 713 1900 ὥν
729 1827 1123 1918 ὑπηρέτηςῖΗγεστράτου

169 1939 230 1997 τοῦ
240 1932 445 2016 ναυκλήρου,
458 1927 499 1997 δν
509 1932 564 1997 καὶ
575 1928 677 2008 αὐτὸς
688 1935 832 2016 ἔγραφεν
843 1933 879 1997 ἐν
888 1938 934 2020 τῷ
945 1930 1121 2018 ἐγκλήματι

170 2026 214 2107 ὡς
231 2031 330 2116 ἐντῷ
348 2027 482 2113 πελάγει
498 2025 648 2095 α’ποάλετο
665 2036 749 2111 (πῶς
766 2026 811 2114 δ’,
824 2027 866 2095 ού
876 2031 1120 2119 προσέγραφεν,

168 2125 236 2194 ἀλλ’
250 2126 313 2213 ἐγώ
324 2127 473 2214 φράσω),
487 2123 630 2214 άδίκημα
642 2129 807 2194 τοιουτονὶ
818 2124 883 2213 μετ’
896 2130 1122 2197 ἐκείνουσυν-

169 2226 378 2292 εσκευάσατο.
412 2227 561 2313 χρήματα
583 2229 621 2293 ἐν
632 2240 701 2305 ταῖς
712 2226 947 2313 Συρακούσαις
958 2230 1120 2309 ἐδανείζε-

168 2349 205 2390 το
222 2314 319 2401 οὗτος
336 2326 391 2390 καί
408 2327 542 2403 ἐκεῖνος.
576 2322 738 2410 ὡμολόγει
756 2323 789 2392 δ’
807 2329 931 2404 ἐκεῖνος
951 2324 1013 2410 μὲν
1035 2325 1120 2410 πρὸς

168 2421 247 2497 τους
257 2421 364 2509 τούτῳ
378 2426 596 2505 δανείζοντας,
610 2434 643 2490 εί
648 2450 698 2502 τις
708 2429 832 2510 ἔροιτο,
845 2427 967 2492 ἐνεῖναι
978 2437 1072 2492 σῖτον
1082 2427 1120 2491 ἐν

168 2527 210 2606 τῇ
219 2519 392 2608 νηὶτούτφ
404 2520 530 2607 πολὺν,
549 2518 664 2589 οὑτοσί
682 2524 718 2588 δὲ
736 2519 819 2605 πρὸς
833 2520 911 2600 τοῦς
932 2519 1119 2611 ἐκείνφτδν

168 2616 276 2703 γόμον
286 2621 409 2685 οίκείον
421 2623 504 2704 ἔχειν
522 2616 625 2687 αῦτδν
634 2628 692 2707 τῆς
702 2621 800 2699 νεάς·
825 2617 872 2688 άν
884 2621 919 2688 δὲ
931 2618 949 2687 ὁ
961 2620 1023 2707 μὲν
1033 2621 1120 2689 ναά-

168 2722 300 2799 κληρος,
312 2712 330 2779 ὁ
343 2713 375 2779 δ’
392 2714 557 2801 ἐπιβάτης,
569 2717 781 2784 ἑπιστεῦοντο
794 2718 927 2797 εἰκότως
938 2714 959 2785 ά
971 2720 1047 2799 περὶ
1058 2715 1120 2785 άλ-

141 2811 279 2895 5λήλων
301 2815 425 2895 ἔλεγον.
468 2813 694 2898 λαμβάνοντες
721 2817 756 2882 δὲ
776 2814 817 2882 τοὶ
837 2815 985 2903 χρήματα
1005 2822 1118 2886 οίκαδε

168 2909 369 2977 ἀπέστελλον
380 2915 426 2988 είς
436 2909 498 2997 τήν
508 2918 720 2996 Μασσαλίαν,
728 2915 783 2980 καὶ
794 2913 894 2982 οὐδὲν
902 2922 947 2993 είς
957 2915 1020 3002 τήν
1029 2922 1118 2983 ναῦν

117 3026 120 3030 ’
168 3011 349 3093 εἰσέφερον.
373 3007 487 3077 οὐσῶν
498 3011 533 3079 δὲ
546 3019 614 3080 τῦν
625 3019 846 3099 συγγραφῶν,
864 3011 974 3098 ὥσπερ
992 3013 1118 3080 εἰώθα-

168 3125 223 3173 σιν
234 3106 368 3195 άπασαι,
377 3117 541 3198 σωθείσης
552 3118 609 3197 τῆς
619 3107 703 3189 νεώς
714 3108 900 3177 άποδοῦναι
911 3109 951 3178 τά
961 3109 1116 3198 χρήμαθ’,

167 3201 208 3270 ἵν’
219 3201 482 3293 άποστερήσαιεν
491 3206 570 3288 τοῦς
587 3213 819 3292 δανείσαντας,
841 3208 904 3294 τήν
915 3216 1004 3277 ναῦν
1014 3236 1116 3278 κατα·

169 3304 267 3367 δῦσαι
279 3305 529 3388 ἐβουλεύσαντο.
560 3306 652 3394 ὁμὲν
662 3300 966 3401 οὖνἩγέστρατος,
989 3306 1033 3388 ὡς
1050 3305 1115 3376 άπὸ

165 3399 440 3488 ῖῆεγῆςάπῆραν
452 3401 582 3490 δυοτυή
597 3412 699 3488 τριῦν
717 3402 852 3492 ήμερῦν
866 3413 992 3493 πλοῦν,
1013 3432 1117 3474 κατα-
