2370 3854
124 254 166 319 22
347 260 405 317 XX.
439 254 861 317 ΔΗΜΟΣΘΕΝΟΤΣ

123 419 244 485 ἐκεῖναι
252 425 314 486 τοῦ
318 425 377 504 τῆς
384 416 628 504 πόλεωςῆθους
639 430 800 501 μνημεῖον
812 407 888 500 ώσι,
901 417 956 483 καὶ
966 439 1077 500 παρα-

67 584 77 595 ,
124 520 282 600 δείγματα
292 514 410 583 έστώσι
419 526 487 592 τοῖς
498 516 714 599 βουλομένοις
724 541 754 581 τι
765 528 872 581 ποιεῖν
888 511 975 599 ὑμᾶς
992 512 1077 600 ἀγα-

122 611 208 697 θδν,
230 612 332 692 ὅσους
349 605 600 699 ενδ-ποιήσαντας
610 610 631 698 ἡ
643 613 738 691 πόλις
747 610 822 680 ἀντ’
836 605 875 679 εὖ
885 619 1073 698 πεποίηκεν.

79 722 113 776 65
122 715 178 781 καλ
187 711 256 800 μην
266 711 344 799 μηδ’
359 709 458 781 ἐκεῖν’
470 708 573 797 ὑμεῖς,
588 703 746 795 ώάνδρες
752 709 933 798 Ἀθηναῖοι,
946 720 1077 779 λανθα-

122 815 222 896 νέτω,
234 810 365 880 δτιτών
375 816 552 895 αἰσχίστων
561 813 629 879 έστλ
639 809 766 888 πάντας
777 806 980 893 ἀνθρώπους
991 814 1076 878 ἰδεῖν

120 913 176 978 καί
187 907 329 978 ἀκοῦσαι
339 906 396 988 τάς
407 908 469 995 μέν
480 909 670 995 συμφορὰς,
684 903 735 987 αἶς
746 905 785 974 δι’
798 904 885 993 ῦμῦς
896 906 1075 992 έχρήσαπο

121 1013 156 1076 ολ
165 1007 283 1093 ἀνδρες
294 998 396 1089 οὖτοι,
409 1007 517 1074 πάντα
527 1007 588 1074 τδν
598 1007 722 1092 χρόνον
732 1013 848 1090 κυρίας
860 1004 971 1084 αὐτοῖς
981 1033 1077 1091 γεγε-

122 1109 281 1193 νημένας,
302 1104 361 1184 τάς
378 1105 566 1190 δὲδωρεάς,
588 1102 628 1183 ἀς
639 1103 712 1173 ἀντὶ
722 1105 852 1174 τούτων
862 1111 982 1191 ἔλαβον
992 1103 1073 1190 παρ’

78 1203 236 1291 ῦδῦμών,
259 1207 314 1272 καὶ
331 1201 371 1289 δὴ
389 1205 579 1290 λελυμένας.
613 1202 700 1272 πολῦ
717 1204 781 1289 γάρ
797 1211 924 1289 μᾶλλον
934 1203 1076 1289 ἥρμοττε

121 1302 162 1372 τά
175 1307 318 1372 δοθέντα
329 1305 451 1381 έώντας
461 1309 530 1369 τών
547 1299 764 1389 ἀτυχημάτων
782 1300 939 1388 ἀφαιρεῖν
954 1298 977 1388 ἦ
993 1303 1076 1370 τού-

120 1428 190 1470 των
214 1401 387 1487 μενόντων
408 1397 466 1479 τάς
490 1398 617 1485 δωρεάς
637 1399 862 1487 ἀφαιρεῖσθαι.
908 1404 989 1487 φέρε
1010 1399 1076 1484 γάρ
1086 1414 1120 1468 47

121 1496 205 1583 πρὸς
214 1497 314 1583 Διὸς,
336 1506 385 1575 τίς
401 1503 490 1565 ἔστιν
507 1497 597 1576 ὅστις
614 1491 653 1566 εὖ
665 1514 771 1567 ποιεῖν
781 1497 867 1585 ὑμᾶς
877 1499 1078 1586 βουλήσεται

122 1603 267 1685 μέλλων,
289 1594 334 1665 ἀν
354 1596 415 1683 μὲν
436 1595 603 1685 ἀποτύχῃ,
624 1606 822 1686 παραχρῆμα
840 1603 936 1684 δίκην
955 1598 1077 1667 δώσειν

120 1711 189 1774 τοῖς
200 1699 341 1782 ἐχθροῖς,
353 1691 397 1764 ἀν
408 1694 444 1763 δὲ
454 1694 665 1784 κατορθώσῃ,
677 1696 736 1775 τάς
744 1698 877 1783 χάριτας
888 1696 965 1783 παρ’
978 1695 1077 1781 ὑμῶν

120 1793 278 1875 ἀπίστους
288 1795 388 1876 έξειν;

77 1905 112 1960 67
205 1895 305 1961 Πάνν
314 1899 431 1961 τοίνυν
443 1891 610 1980 ἀχθοίμην
621 1891 681 1979 ἀν,
700 1887 856 1981 ώάνδρες
868 1897 1032 1980 δικασταὶ,
1046 1901 1080 1963 εἰ

121 1999 221 2060 τοῦτο
242 1992 351 2078 μόνον
372 1992 502 2078 δόξαιμι
520 1996 651 2062 δίκαιον
666 2009 861 2081 κατηγορεῖν
877 2001 939 2061 τοῦ
956 1992 1075 2079 νόμον,

121 2090 173 2160 δτι
184 2089 328 2169 πολλοῦς
338 2093 453 2171 ξένους
464 2089 637 2178 εὐεργέτας
647 2088 833 2178 ἀφαιρεῖται
843 2089 904 2178 τὴν
913 2088 1075 2178 ἀτέλειαν,

120 2198 190 2258 τών
208 2193 244 2258 δὲ
260 2198 405 2258 πολιτών
416 2187 532 2276 μηδέν’
544 2189 638 2270 ἀξιον
651 2195 787 2278 δοκοίην
797 2196 883 2275 ἔχειν
894 2194 995 2270 δεῖξαι
1005 2197 1077 2257 τών

120 2287 313 2376 εὑρημένων
330 2288 457 2374 ταύτην
473 2285 535 2374 τὴν
550 2288 658 2376 τιμήν.
688 2292 744 2358 καὶ
759 2289 824 2375 γάρ
840 2289 944 2357 τάλλα
961 2288 1077 2375 ἀγαθὰ
1114 2278 1117 2283 ’

121 2385 277 2473 εὐξαίμην
289 2383 333 2454 ἀν
349 2392 452 2471 ἔγωγε
470 2385 551 2472 παρ’
568 2385 646 2474 ἡμῖν
663 2387 748 2457 εἶναι
765 2398 916 2473 πλεῖστα,
939 2391 995 2457 καὶ
1012 2389 1077 2457 ἀν-

121 2492 201 2571 δρας
208 2483 364 2566 ἀρίστους
375 2486 430 2552 καὶ
441 2492 613 2563 πλείστους
625 2483 798 2571 εὐεργέτας
807 2496 864 2572 τῆς
875 2488 1002 2565 πόλεως
1011 2511 1078 2555 πο-

77 2598 112 2653 68
123 2589 212 2661 λίτας
228 2581 321 2650 εἶναι.
356 2587 492 2667 πρώτον
506 2582 568 2667 μέν
578 2588 695 2650 τοίνυν
705 2582 850 2650 Κόνωνα
862 2598 1028 2670 σκοπεῖτε,
1046 2589 1079 2652 εί

122 2679 176 2768 ἀρ’
197 2679 289 2762 ἀξιον
306 2682 624 2767 καταμεμψαμένους
639 2675 732 2767 ἦτόν
742 2679 849 2765 ἀνδρα
859 2677 882 2768 ἦ
893 2682 933 2750 τά
945 2705 1076 2765 πεπρα-

121 2782 225 2865 γμένα
236 2777 366 2864 ἀκυρόν
377 2804 409 2846 τι
419 2785 553 2865 ποιῆσαι
563 2786 632 2846 τών
641 2782 756 2869 ἐκείνῳ
769 2781 948 2848 δοθέντων.
976 2772 1077 2859 οὗτος

122 2877 204 2964 γὰρ,
237 2874 282 2956 ὡς
308 2874 406 2961 ῦμώυ
425 2883 528 2944 τινών
549 2882 638 2945 ἔστιν
658 2876 801 2946 ἀκοῦσαι
820 2886 888 2946 τών
909 2876 993 2946 κατά
1013 2878 1077 2966 την

123 2973 230 3062 αὐτὴν
249 2971 381 3062 ἡλικίαν
397 2975 523 3062 ὅντων,
544 2975 625 3063 μετά
642 2976 703 3063 τὴν
719 2985 782 3045 τοῦ
798 2978 907 3064 δήμου
922 2976 1077 3046 κάθοδον

122 3072 185 3160 τὴν
194 3077 231 3142 ἐκ
240 3080 405 3158 Πειραιῶς
415 3073 582 3155 ἀσθενοῦς
592 3073 689 3162 ἡμῶν
699 3085 757 3163 τῆς
767 3077 893 3156 πόλεως
906 3076 1008 3164 οῦσης
1021 3077 1078 3145 καὶ

123 3177 211 3239 ναῦν
228 3169 387 3257 οὐδεμίαν
403 3177 618 3260 κεκτημένης,
641 3181 834 3262 στρατηγῶν
851 3183 983 3264 βασιλεῖ
993 3172 1075 3261 παρ’

122 3267 218 3356 ῦμῦν
236 3265 312 3336 οὐδ’
330 3267 492 3355 ἡντινοῦν
507 3270 665 3360 ἀφορμὴν
681 3271 796 3360 λαβών
805 3276 1077 3362 κατεναυμάχησε

121 3372 421 3458 Λακεδαιμονίους,
440 3373 495 3440 καὶ
506 3372 670 3460 πρότερον
680 3387 748 3452 τοῖς
760 3371 874 3454 ἀλλοις
885 3376 1071 3442 ἐπιτάττον·

123 3493 181 3545 τας
197 3476 326 3537 εῦθισεν
341 3465 481 3540 ἀκούειν
491 3467 604 3560 ῦμών,
627 3473 683 3540 καὶ
693 3469 773 3551 τοῦς
783 3467 949 3559 ἀρμοστάς
960 3472 1078 3558 ἐξήλα-
