2370 3854
116 189 179 251 400
306 191 428 248 XXXIV.
448 185 866 247 ΔΗΜΟΣΘΕΝΟΤΣ

117 349 204 429 είκός
221 343 267 437 ἦν
283 346 465 416 ἐπιδιδόναι
482 349 545 431 μὲν
560 343 647 432 ἡμᾶς
663 351 809 413 τοσαῦτα
819 345 986 432 χρήματα,
1009 351 1067 414 ἵνα

116 447 191 534 παρ’
203 445 284 535 ὑμίν
296 444 499 531 εὐδοξῶμεν,
514 457 739 531 συκοφαντεῖν
749 444 785 514 δὲ
797 451 992 532 Φορμίωνα,
1010 449 1067 514 ἵνα

116 549 171 617 καί
180 544 242 632 τὴν
253 542 471 631 ὑπάρχουσαν
488 547 664 612 ἐπιείκειαν
680 541 910 631 ἀποβάλωμεν.
934 549 1068 624 δικαίως

116 642 159 714 ἂν
170 639 234 713 ούν
244 644 447 732 βοηθήσαιτε
458 641 548 730 ἡμίν,
562 636 589 711 ό
601 641 721 729 ἄνδρες
732 648 888 713 δικασταί.
919 648 1067 726 ἐπέδειξα

115 743 179 832 γαρ
197 742 279 830 ύμῖν
296 741 364 812 οὔτ’
376 747 409 824 ἐξ
427 740 529 830 ἀρχῆς
544 739 585 810 τό
607 749 728 828 φορτία
744 746 928 830 ἐνθέμενον
945 750 1067 812 τούτου

118 851 163 922 είς
173 842 235 932 τὴν
246 851 333 910 ναῦν
344 839 504 910 ἁπάντων
515 833 563 909 όν
573 846 783 911 ἐνδανείσατο
793 839 992 930 Ἀθήνηθεν,
1000 849 1068 910 τῶν

116 939 141 1011 τ’
156 944 193 1011 ἐν
209 942 372 1030 Βοσπόρῳ
390 943 590 1026 πραθέντων
606 938 685 1019 τούς
702 941 742 1009 τόι
760 943 939 1026 ἑτερόπλοα
956 944 1068 1009 δανεί-

1 1040 3 1047 ’
75 1057 104 1110 λ]
118 1061 239 1120 σαντας
265 1040 360 1125 μόλις
387 1039 606 1126 διαλύσαντα,
635 1045 682 1107 ἔτι
710 1037 742 1106 δ’
766 1035 832 1106 ούί
858 1037 1067 1126 εὐποροῦντα

118 1137 191 1208 οὔθ’
213 1138 320 1218 ούτως
348 1137 414 1207 ὅντ’
432 1135 611 1225 ύβέλτερον
633 1135 706 1206 ὥστ’
730 1135 803 1206 ἀντὶ
826 1143 993 1225 δισχιλίων
1013 1140 1070 1206 καί

118 1241 296 1319 ἑξακοσίων
314 1243 471 1326 δραχμῶν
487 1238 667 1323 τριάκοντα
683 1245 770 1325 μναῖς
791 1240 847 1306 καὶ
868 1239 964 1306 ἐννέα
983 1235 1070 1304 ἀπο-

118 1341 252 1424 δοῦναι,
271 1337 355 1422 πρός
366 1363 401 1404 τε
412 1336 560 1423 τούτοις,
585 1335 640 1406 ὅτε
649 1335 837 1406 ἀποδοῦναί
847 1356 928 1424 φησι
937 1332 974 1404 τό
986 1361 1071 1421 χρυ-

118 1442 191 1503 σίον
206 1442 252 1526 τῷ
268 1435 434 1521 Λάμπιδι,
464 1434 542 1503 οὔτε
558 1433 618 1504 τόν
640 1441 741 1504 παῖδα
757 1432 992 1522 παραλαβόντα
1010 1431 1070 1500 τὸν

117 1531 198 1619 ἐμόν
220 1531 298 1601 ούτε
318 1531 379 1601 τόν
400 1531 565 1602 κοινωνόν
588 1538 811 1620 ἐπιδημοῦντα
832 1534 868 1601 ἐν
891 1531 1067 1621 Βοσπόρφ.

118 1634 188 1717 ἐμοὶ
200 1630 373 1718 δέΛόμπις
383 1629 483 1711 αύτός
492 1642 672 1720 μαρτυρῶν
682 1638 833 1719 φαίνεται
845 1629 889 1710 ὡς
900 1629 962 1700 ούκ
972 1627 1070 1699 ιἰπεί-

74 1741 201 1818 λκληφε
211 1730 248 1800 τό
260 1740 413 1820 χρυσίον,
432 1735 511 1820 πρὶν
522 1730 588 1800 ύπό
601 1733 723 1801 τούτου
734 1735 971 1819 διαφθαρῆναι.
994 1736 1069 1798 καί·

116 1858 168 1899 τοι
179 1838 210 1900 εί
227 1829 305 1899 καθ’
316 1835 355 1900 ἓν
371 1833 511 1901 ἕκαστον
530 1830 636 1912 οὕτως
649 1837 796 1899 ἐδείκνυε
808 1837 982 1917 Φορμίων,
1006 1825 1069 1897 ούκ

118 1927 182 1997 οἶδ’
202 1927 292 2009 ὅπως
309 1924 477 2010 όνόίλλως
494 1930 633 2018 όίμεινον
654 1929 891 2018 ἀπελογήσατο.
924 1927 1009 2016 όπέρ
1032 1927 1069 1997 δέ

117 2036 180 2096 τού
195 2029 258 2115 τήν
275 2032 372 2117 δίκην
388 2029 609 2118 εἰσαγώγιμον
626 2029 710 2098 εἶναι
726 2031 744 2098 ὁ
763 2031 865 2118 νόμος
883 2025 983 2108 αύτός
995 2031 1069 2095 δια·

118 2129 336 2216 μαρτύρεται,
359 2132 506 2199 κελεύων
522 2130 581 2210 τός
597 2135 689 2210 δίκας
711 2128 870 2210 εἶναιτίς
889 2124 1069 2216 ἐμπορικὰς

117 2235 186 2293 τόν
208 2233 422 2315 συμβολαίων
432 2238 501 2298 τῶν
514 2227 676 2318 Ἀθήνησι
693 2233 748 2299 καί
767 2236 812 2308 είς
828 2226 865 2297 τό
881 2227 1068 2316 Ἀθηναίων

5 2376 9 2381 -
119 2325 297 2414 ἐμπόριον,
320 2329 375 2398 καί
385 2324 427 2396 ού
437 2329 545 2416 μόνον
554 2340 623 2399 τόν
631 2329 829 2417 Ἀθήνησιν,
851 2327 935 2398 ’ἄλλό
952 2320 1066 2397 καίόό

119 2418 309 2541 όίνγένηται
318 2427 414 2494 ἕνεκα
424 2435 486 2495 τοῦ
497 2437 586 2497 πλού
595 2437 656 2499 τοῦ
669 2429 837 2514 Ἀθήναζε.
870 2428 952 2514 λαβέ
962 2427 1002 2514 δή
1013 2453 1070 2514 μοι

117 2546 196 2599 τους
207 2521 340 2607 νόμους.

508 2684 672 2746 ΝΟΜΟΙ.

77 2844 110 2898 43
199 2818 330 2911 Ὡςμὲν
346 2833 463 2893 τοίνυν
481 2829 600 2911 γέγονέ
619 2851 676 2913 μοι
697 2824 735 2894 τό
759 2827 965 2914 συμβόλαιον
985 2823 1069 2911 πρός

120 2919 283 3007 Φορμίων’
300 2919 496 3012 Ἀθήνησιν,
509 2921 583 2993 οὐδ’
603 2923 699 2995 αύτοί
716 2930 850 3011 ἔξαρνοί
856 2931 935 3012 είσι,
959 2949 1069 3009 παρα-

118 3020 305 3107 γράφονται
323 3021 359 3090 δὲ
380 3019 425 3102 ὡς
443 3019 504 3092 ούκ
519 3024 740 3111 είσαγύγιμον
756 3023 819 3111 τὴν
836 3029 932 3111 δίκην
949 3016 1066 3092 ούσαν.

119 3116 185 3187 ἀλλ’
200 3125 245 3216 είς
256 3135 352 3190 ποῖον
363 3121 574 3211 δικαστήριον
586 3129 797 3210 είσέλθωμεν,
810 3116 966 3209 ύόίνδρες
976 3129 1070 3193 δικα-
1078 3135 1108 3191 θλ

120 3218 203 3302 σταί,
216 3223 247 3286 εί
255 3215 300 3305 μὴ
313 3217 396 3306 πρός
407 3217 509 3309 ὑμᾶς,
528 3215 633 3309 οὗπερ
644 3222 681 3295 τό
695 3223 901 3310 συμβόλαιον
911 3223 1068 3310 ἐποιησά-

118 3327 223 3402 μεθα;
247 3317 361 3386 δεινόν
376 3317 440 3407 γὰρ
458 3317 502 3389 ι’ίν
519 3330 587 3409 είη,
612 3329 642 3390 εί
657 3321 718 3408 μὲν
728 3324 826 3391 ἕνεκα
837 3331 900 3392 τοῦ
910 3329 996 3390 πλοῦ
1006 3329 1069 3389 τοῦ

119 3414 275 3500 Λθήναξε
291 3415 493 3506 ἠδικούμην,
522 3418 610 3488 είναί
622 3447 679 3508 μοι
697 3419 773 3506 παρ’
785 3419 866 3509 ὑμῖν
883 3420 920 3490 τό
937 3425 1068 3488 δίκαιον
