2370 3854
132 168 195 232 314
331 173 438 229 xxvn.
461 166 882 229 ΔΗΜΟΣΘΕΝΟῬΣ

133 337 182 399 ῶν
198 328 438 416 ἀνδραπόδων,
460 327 482 396 δι’
499 320 543 414 ἦν
560 322 652 415 αὐτῷ
669 328 706 392 ἐν
723 333 771 413 τῶ
788 327 858 412 έμῶ
868 326 1086 417 έργαστηρίηι,

130 425 257 512 μισθὸν
268 425 515 497 ἀποδεδωκέναι
527 430 695 510 λογιῗεται.
724 429 831 492 καίτοι
847 420 893 511 μὴ
905 429 1087 514 γενομένης

132 530 284 612 ἐργασίας
295 525 368 594 οὔτ’
381 530 496 615 ἐκείνω
509 531 623 611 λαβεῖν
640 525 767 611 μισθόν
778 520 852 592 οὔτ’
865 525 936 610 έμοδ
947 522 987 593 τά
1000 521 1088 593 ἀνα-

86 624 265 710 21λῶματα
281 631 600 710 ταῦταλογισθηναι
618 630 794 708 προσῆκεν.
830 626 862 690 εί
877 622 908 690 δ’
927 614 974 690 αὖ
988 626 1137 709 γενέ-θλ(

130 733 211 792 σθαι
221 723 283 810 μὲν
295 723 409 811 φήσει,
421 729 491 791 τῶν
503 721 534 791 δ’
548 728 656 807 έργων
668 719 835 806 ἀπρασίαν
846 717 947 808 εἶναι,
961 724 1014 790 δεῖ
1023 721 1084 809 δή·

129 846 195 891 πον
205 821 246 890 τά
257 849 295 908 γε
306 829 386 908 ἔργα
397 818 502 889 αὐτὸν
513 816 748 888 ἀποδεδωκότα
758 844 814 905 μοι
827 825 1020 905 φαίνεσθαι,
1027 823 1082 891 καλ

130 915 179 989 ῶν
198 925 350 989 ἐναντίον
371 919 519 988 ἀπέδωκε
542 921 771 1005 παρασχέσθαι
788 917 968 1005 μάρτνρας.
1001 924 1033 988 εί
1043 918 1079 988 δέ

129 1019 232 1105 μηδὲν
242 1018 371 1086 τούτων
382 1027 555 1104 πεποίηκε,
575 1025 646 1096 πῶς
664 1015 727 1086 οάκ
738 1017 897 1104 ἔχειντὴν
910 1017 1081 1103 πρόσοδον

129 1123 225 1185 δνοῖν
241 1118 329 1185 ἐτοῖν
348 1115 412 1204 τὴν
432 1122 469 1187 ἐκ
489 1125 551 1184 τοῦ
572 1121 799 1204 ἐργαστηρίου,
821 1117 880 1197 τάς
900 1118 1080 1201 τριάκοντα

84 1223 118 1277 22
129 1223 228 1303 μνᾶς,
248 1225 402 1303 φανερῶς
419 1216 509 1285 οὕτω
519 1224 588 1284 τῶν
598 1221 707 1303 ἔργων
717 1218 962 1303 γεγενημένων;
995 1221 1026 1284 εί
1045 1212 1080 1283 δ’

128 1307 172 1381 αὖ
186 1315 316 1383 τούτων
327 1315 387 1401 μέν
398 1315 502 1403 μηδὲν
513 1319 589 1400 έρεῖ,
595 1315 734 1383 Μιλύαν
745 1314 777 1381 δ’
785 1312 871 1383 αὐτοὶ
882 1314 982 1402 φήσει
992 1315 1080 1384 πάν-

127 1439 168 1480 τα
186 1417 396 1503 διῳκηκέναι,
419 1422 490 1493 πῶς
510 1411 571 1500 χρὴ
590 1415 774 1499 πιστεύειν,
796 1413 879 1483 ὅταν
896 1422 944 1503 φῇ
960 1413 1001 1483 τά
1018 1414 1080 1501 μὲν

126 1510 325 1598 ἀναλώματα
342 1511 442 1592 αὐτὸς
459 1512 682 1600 ἀνηλωκέναι,
705 1516 808 1583 πλέον
824 1509 846 1601 ἢ
864 1519 1081 1594 πεντακοσίας

127 1608 290 1696 δραχμὰς,
314 1619 424 1698 λῆμμα
436 1609 467 1678 δ’
481 1621 515 1678 εῖ
522 1639 553 1678 τι
564 1618 718 1697 γέγονεν,
737 1616 865 1680 ἐκεῖνον
883 1618 984 1698 ἔχεινς
1008 1615 1081 1700 ἐμοὶ

125 1707 186 1795 μὲν
197 1708 260 1793 γάρ
275 1713 369 1777 δοκεῖ
377 1706 576 1778 τούναντίον
587 1706 632 1778 ἀν
642 1714 802 1796 γενέσθαι
812 1711 959 1796 τούτων,
978 1717 1010 1781 εί
1022 1713 1080 1781 κοιλ

124 1806 260 1885 Μιλύας
270 1805 383 1876 αὐτῶν
393 1813 595 1895 ἐπεμελεῖτο,
617 1808 658 1877 τά
675 1810 736 1896 μὲν
747 1808 938 1898 ἀναλώματ’
954 1813 1080 1890 ἐκεῖνος

125 1902 314 1987 ἀναλῶσαι,
328 1906 368 1971 τά
381 1905 417 1973 δὲ
431 1906 583 1993 λήμματα
594 1898 692 1987 οὗτος
708 1916 838 1996 λαβεῖν,
862 1920 896 1980 εδ
901 1938 933 1978 τι
953 1914 1006 1978 δεῖ
1023 1935 1079 1978 τε·

125 2007 325 2087 κμαίρεσθαι
336 2002 419 2088 πρὸς
425 2002 485 2072 τδν
490 2003 594 2073 ἀλλον
602 2002 708 2075 αάτοῠ
713 2006 839 2093 τρόπον
850 2008 906 2076 καὶ
912 2006 973 2095 τὴν
979 2005 1079 2075 ἀναί-

125 2103 228 2219 δειαν.
249 2100 330 2188 λαβὲ
342 2095 407 2171 οὖν
417 2100 670 2190 τάςμαρτνρίας
679 2105 811 2193 ταύτας,
834 2108 889 2175 καὶ
900 2103 1079 2192 ἀνάγνωθι

124 2212 244 2277 αυτοῖς.

469 2362 727 2425 MAPTYPIAI.

78 2517 114 2572 23
211 2502 339 2579 Ταύτας
355 2508 472 2570 τοίνυν
489 2511 553 2592 ἔχει
568 2509 748 2591 τριοίκοντα
765 2518 851 2594 μνᾶς
867 2506 932 2576 ἀπδ
946 2515 1009 2576 τοῦ
1018 2511 1077 2596 έρ-

29 2648 32 2653 .
121 2605 318 2685 γαστηρίον,
342 2600 397 2666 καὶ
413 2601 451 2668 τὸ
470 2607 570 2687 ἔργον
586 2602 699 2672 αὐτῶν
709 2603 797 2674 ὀπτῶ
814 2610 913 2676 έτῶν·
936 2602 1010 2676 δάν
1021 2608 1076 2676 ἐπὶ

122 2701 251 2783 δραχμῇ
260 2724 309 2775 τις
320 2704 402 2783 τιθῇ
412 2699 529 2785 μόνον,
537 2699 639 2781 ἀλλας
647 2701 824 2788 τριάκοντα
834 2713 919 2790 μνᾶς
930 2701 1073 2792 εὑρήσει.

120 2797 175 2861 καλ
185 2803 290 2861 ταῦτα
300 2795 362 2880 μὲν
375 2799 443 2882 ἰδίᾳ
455 2797 559 2881 μόνος
569 2807 722 2886 εἴληφεν·
741 2798 979 2872 δσνντεθέντα
989 2800 1075 2887 πρδς

14 2974 18 2979 ι
120 2889 182 2979 τὴν
192 2907 313 2980 προῖκα
323 2893 462 2977 μάλιστα
473 2897 761 2984 τέτταρατάλαντα
771 2907 918 2985 γίγνεται
928 2901 993 2970 σδν
1005 2916 1074 2981 τοῖς
1125 2907 1128 2913 ’

120 2990 273 3077 ἀρχαίοις.
297 2987 365 3059 δ’δὲ
376 2990 456 3078 μετδι
467 3001 536 3062 τῶν
547 2995 661 3066 ἀλλων
670 3000 858 3081 ἐπιτρόπων
868 3009 966 3091 κοινῇ
976 3000 1074 3089 διήρ-

119 3117 220 3178 πακε,
242 3092 297 3160 καὶ
314 3089 378 3159 ὅσα
394 3098 466 3160 ἔνια
482 3098 564 3180 μηδὲ
581 3104 846 3183 καταλειφθῆναι
862 3098 1073 3168 παντάπασιν

119 3191 366 3280 ἦμφισβήτηκε,
377 3190 476 3260 ταῦθ’
489 3190 571 3280 ὑμῖν
587 3193 652 3281 ἤδη
669 3197 821 3276 ἐπιδείξω
831 3195 907 3266 καθ’
920 3199 1072 3265 ἕκαστον.

77 3295 112 3350 24
120 3295 252 3370 πρῶτον
263 3293 324 3376 μέν
342 3283 406 3358 οὖν
417 3293 577 3375 περὶτῶν
597 3301 816 3380 κλινοποιῶν,
839 3292 899 3375 οδς
919 3297 1074 3365 κατέλιπε

118 3385 180 3465 μὲν
191 3382 208 3452 ὁ
221 3384 346 3472 πατὴρ,
369 3387 566 3474 ἀφανίζουσι
583 3387 615 3458 δ’
628 3382 737 3479 οὗτοι,
758 3393 999 3477 τετταράκοντα
1010 3393 1074 3475 μέν
