2370 3854
121 194 184 257 396
316 197 440 254 XXXIV.
469 191 807 253 ΔΗΜΟΣΘΕΝΟ
817 193 884 252 ΥΣ

121 355 257 442 νήσεταί
263 377 350 436 ποτε,
358 351 395 431 δς
404 350 477 420 ἀντὶ
486 356 651 444 δισχιλίων
662 353 717 418 καὶ
729 353 908 431 ἑξακοσίων
918 355 1075 438 δραχμῶν

121 452 297 536 τριάκοντα
314 459 398 537 μνᾶς
421 451 477 518 καὶ
496 455 685 534 τριακοσίας
705 451 760 516 καὶ
781 448 937 535 ἑξήκοντα
958 447 1074 519 ἀποτί-

121 576 193 621 νειν
213 545 374 635 προείλετ’
400 544 459 633 ἀν,
493 550 548 615 καί
568 546 669 614 τόκον
691 555 907 627 πεντακοσίας
929 547 1075 636 δραχμὰς

121 650 177 716 καί
198 647 353 734 ἑξήκοντα
375 645 625 730 δανεισάμενος,
647 644 687 723 ἀς
708 666 811 731 φησιν
828 643 1075 714 ἀποδεδωκέναι

123 752 279 832 Φορμίων
290 744 447 829 Λάμπιδι,
458 749 634 830 τρισχιλίοις
644 746 838 823 έννακοσίας
849 755 989 824 είκοσιν;
1000 744 1074 825 έξὸν

123 842 154 912 δ’
173 842 265 932 αὐτῷ
281 841 561 928 ἀμφοτερόπλουν
570 839 749 927 Ἀθήνησιν
766 839 951 911 ἀποδοῦναι
961 840 998 910 τό
1012 841 1075 925 ἀρ-

121 943 256 1028 χόριου,
280 945 317 1009 έν
327 940 489 1027 Βοσπόρῳ
507 938 673 1022 ἀπέδωκε,
695 943 782 1023 τρισὶ
802 942 857 1008 καί
879 945 957 1008 δέκα
978 955 1076 1026 μναῖς

76 1061 112 1116 26
122 1043 238 1117 πλέον;
255 1041 310 1107 καὶ
320 1052 388 1116 τοῖς
397 1036 459 1123 μὲν
468 1033 508 1104 τά
520 1036 698 1123 ἑτερόπλοα
709 1041 879 1105 δανείσασι
888 1037 982 1124 μόλις
993 1036 1075 1123 τάρ-

122 1154 198 1225 χαῖα
226 1135 453 1220 ἀποδέδωκας,
486 1141 521 1203 οἳ
544 1135 774 1203 συνέπλευσάν
796 1155 848 1202 σοι
869 1138 924 1204 καὶ
945 1137 1075 1222 προσή-

123 1242 260 1321 δρευον·
282 1235 389 1325 τούτῳ
408 1233 444 1301 δέ
460 1239 506 1321 τῷ
523 1232 566 1320 μὴ
585 1233 731 1320 παρόντι
747 1231 789 1301 οό
809 1234 915 1321 μόνον
937 1234 1076 1321 τάρχαῖα

121 1337 177 1403 καί
189 1331 268 1412 τούς
276 1332 398 1410 τόκους
408 1329 601 1417 ἀπεδίδους,
618 1331 701 1400 ἀλλά
712 1335 766 1400 καὶ
777 1332 817 1400 τά
828 1337 971 1419 ἐπιτίμια
987 1332 1027 1400 τά
1038 1336 1074 1401 ἐκ
1085 1347 1131 1402 91ί

121 1441 179 1517 τῆς
189 1439 386 1517 συγγραφῆς
396 1427 554 1514 ἀπέτινες,
567 1428 723 1516 οὐδεμιᾶς
734 1453 787 1499 σοι
797 1429 944 1518 ἀνάγκης
955 1430 1074 1518 οὔσης;

78 1532 296 1607 νακάκείνους
306 1531 368 1614 μὲν
378 1526 441 1597 οὐκ
453 1532 602 1614 ἐδεδίεις,
624 1526 673 1606 οἷς
690 1534 727 1598 αί
740 1532 930 1617 συγγραφαί
941 1532 1077 1598 630⁶-

124 1629 215 1716 πόρω
240 1626 302 1714 τὴν
325 1632 445 1711 πρᾶξιν
467 1631 621 1696 ἐδίδοσαν
636 1635 699 1695 τοῦ
724 1632 872 1696 δανείου·
894 1628 1017 1697 τούτου
1040 1628 1076 1696 δέ

124 1728 190 1817 φῂς
210 1724 454 1814 φροντίζειν,“
435 1753 476 1794 ον
492 1725 563 1807 ἐξ’
543 1753 652 1813 αρχιχς
654 1723 761 1806 ενθυς
770 1725 942 1815 ιχδικεις
903 1753 966 1796 ουκ
975 1729 1075 1797 ίνθε

122 1852 221 1913 μενος
237 1824 277 1893 τά
294 1826 422 1911 χρήματ
425 1823 499 1902 ἐίς
516 1825 577 1910 τὴν
595 1834 685 1893 ναῦν
703 1822 785 1892 κατά
802 1824 864 1912 τὴν
876 1825 1075 1913 συγγραφὴν

118 1922 324 2010 Ἀθήνηθεν,
346 1927 401 1992 καὶ
417 1932 482 1993 νῦν
499 1950 523 2009 μ
523 1920 961 2011 ὲνείςτόέμπόριονῆκων,
983 1915 1073 1991 οότδ

122 2023 328 2110 συμβόλαιον
344 2024 489 2110 ἐγένετο,
513 2019 576 2090 οάκ
594 2018 703 2100 όκνείς
717 2018 911 2109 ἀποστερελν
931 2019 991 2141 τόν
1014 2025 1074 2090 δα-

120 2131 290 2191 νείσαντα·
311 2126 349 2192 έν
358 2122 522 2212 Βοσπόρῳ
534 2123 570 2190 δε
581 2129 682 2189 πλείω
694 2126 763 2188 τοῖν
774 2123 911 2188 δικαίων
922 2145 988 2208 φχχς
997 2143 1074 2186 ποι-

77 2235 184 2310 αεελν,
207 2213 251 2290 οὖ
270 2225 366 2308 δίκην
386 2219 448 2290 οὐκ
467 2225 599 2307 ἔμελλες
618 2222 752 2299 &aivam
773 2223 828 2288 καὶ
848 2224 881 2287 οί
899 2219 960 2306 μὲν
981 2217 1076 2287 άλλοι

121 2321 241 2400 πάντες
267 2326 302 2388 oc
324 2323 365 2391 τά
392 2324 574 2409 ἑτερόπλοα
601 2328 846 2411 δανειζόμενοι,
881 2319 964 2388 ὅταν
990 2316 1075 2386 ἀπο-

121 2423 318 2487 στέλλωνται
336 2422 457 2487 ἐκτῶν
477 2421 660 2505 ἐμπορίων,
683 2415 826 2496 πολλοὺς
846 2425 1073 2504 παρίστανται,

123 2518 421 2604 ἐπιμαρτυρόμενοι
438 2517 490 2587 ότι
505 2517 545 2586 τά
555 2517 703 2606 χρήματα
713 2515 775 2603 ἤδη
786 2514 1016 2583 κινδυνεύεται
1027 2524 1075 2604 τςό

121 2620 325 2685 δανείσαντι·
348 2614 391 2684 οὐ
409 2614 439 2685 δ’
454 2618 503 2686 ἑνὶ
513 2619 648 2704 σκήπτει
658 2616 801 2702 μάρτυρι
811 2612 902 2702 αὐτῷ
911 2622 958 2702 τῷ
970 2635 1075 2679 συνα-

120 2719 285 2801 δικοῦντι,
309 2717 364 2782 καὶ
380 2713 528 2783 οὕτετδν
538 2720 640 2783 παῖδα
649 2713 709 2781 τόν
719 2710 880 2832 ᾑμέτερον
892 2715 1076 2799 παρέλαβες

120 2815 158 2880 έν
168 2811 363 2901 Βοσπόρω”
342 2838 423 2880 οντα
435 2809 511 2879 οάτε
521 2810 582 2879 τόν
591 2808 771 2896 κοινωνόν,
789 2806 912 2878 οὐδὲ
877 2835 935 2887 τας
944 2812 1075 2878 έπιστο·

121 2907 880 2998 λάςάπέδωκαςαὖτοις,ἀςὴμεῑςέπεθήιιαμεν,
893 2904 991 2987 έναὶς
1003 2910 1075 3022 ἐχέ-

79 3028 247 3097 αθχραπτο
259 3019 530 3095 παρακολουθεῖν
540 3032 609 3095 σοι,
627 3002 707 3089 οίς”
686 3035 728 3077 αν
739 3008 900 3097 πράττχχςς
912 2992 1075 3089 καίτοι,ιό

121 3105 241 3195 ανδρες
252 3112 418 3194 δικασταί
434 3117 469 3178 τι
476 3135 538 3178 ουκ
550 3136 594 3177 αν
606 3104 967 3194 πραξειενοτοιουτος,
986 3102 1075 3182 ὅστις

120 3205 295 3294 γράμματα
312 3206 426 3296 λαβοδν
442 3235 486 3295 μη
475 3205 718 3298 ἀποδέδωκεν
736 3203 849 3293 ὀρθως
860 3208 915 3273 καὶ
927 3209 1018 3272 δικαί
1017 3228 1077 3289 ωςχ

120 3299 142 3389 6
159 3314 230 3384 ποῖς
247 3303 289 3374 06
307 3307 457 3393 φανερόν
474 3309 564 3375 έστιν
581 3304 661 3392 ὑμίν
676 3304 714 3375 τό
726 3305 848 3375 τούτου
859 3302 1077 3389 κακούργημα

121 3403 156 3479 ἐξ
167 3399 279 3472 αὐτῶν
291 3397 339 3472 οὖν
350 3409 524 3494 ἔπραττενς
536 3412 658 3492 καίτοι,
671 3395 750 3491 όχῆ
761 3404 817 3472 καὶ
828 3404 919 3487 θεοὶ,
930 3402 1080 3487 προσῆκέ
