2370 3854
198 298 260 361 ⁶212
398 302 495 357 XXIV.
532 295 951 357 ΔΗΜΟΣΘΕΝΟΤΣ

199 459 385 543 έξουσίαν,”
361 480 456 570 ωσπερ
467 462 499 524 έν
509 455 673 541 ἀντιλήψει.
703 459 803 522 ἐκεῖ
772 484 826 541 μιν
837 460 884 523 ἐπὶ
895 467 955 535 τοῖς
966 455 1158 558 ἐκβεβηκόσιν

197 545 345 649 ἡκρίσης,
366 548 398 609 έν
416 547 493 610 δε
457 570 494 631 τη
501 567 692 690 κραγματικη
678 545 751 607 έτιι
761 544 905 624 μέλλουσι
934 568 985 606 και
974 543 1045 606 δτι
1050 566 1157 645 γιγροι

199 640 279 712 φθαι
288 655 322 693 το
310 624 421 732 ’ῥητὸν
431 626 509 692 έν
474 654 575 711 νομοις
586 628 637 692 καλ
647 629 888 730 ένφηφίσμασιν.
909 630 968 691 ἔστι
978 630 1079 690 τοίνυν
1089 624 1157 690 666-

198 740 250 778 του
261 738 313 777 του
300 711 413 796 λόγου
424 712 572 817 κεφαλαια
582 738 598 775 τ
599 713 707 795 σσαρα
711 758 721 792 ,
730 716 766 776 ‘66
775 706 867 814 666⁸
839 735 872 774 το
880 710 1016 793 νόμιμον,
1027 706 1157 799 δδιῄρη-

198 825 245 862 ται
256 801 336 903 διχῆ,
349 800 390 872 τίς
399 820 431 861 τε
440 822 474 861 το
484 815 643 904 προσοκιον
653 821 704 859 και
695 790 794 871 '⁸26
765 820 798 859 το
809 802 947 901 πρᾶγμα,
959 796 1107 859 τουτέστιν
1116 798 1159 869 είς

198 878 290 984 αρἰτδν
307 877 359 944 τδν
375 878 484 962 νόμον,
506 882 586 985 όηως
597 881 727 955 ἐναντίος
737 881 796 942 ἐστι
805 904 867 955 τοις
876 877 995 983 νόμοις,
1020 875 1159 977 δεύτερον

198 962 231 1029 τὸ
249 969 382 1067 δίκαιον,
403 961 544 1067 τρίτον“
516 990 549 1029 το
566 961 771 1067 συμφέρον,”
754 987 798 1027 οτι
809 959 967 1068 ἐπιζήμιος,
975 956 1153 1068 τέταρτον
1124 986 1158 1025 το

200 1044 373 1153 δυνατὸν]
356 1072 402 1112 οτι
414 1074 465 1112 και
456 1043 933 1152 ἆδυνάτουςέπιτάττειπράξεις.
967 1043 1159 1151 ηκρινομὲνη

199 1124 254 1196 οὖν
264 1096 407 1208 ὑπόδεσις
417 1129 546 1195 ἐστιν”
506 1156 611 1213 αυτηη
598 1127 656 1195 ’έν
666 1139 727 1207 τοῖς
737 1136 864 1213 κεφαλνί
863 1157 915 1207 οις.
949 1127 1004 1212 τὴν
1013 1125 1072 1234 γάρ
1082 1127 1159 1195 κατά

199 1224 258 1280 τῶν
268 1217 419 1299 πρέσβεων
428 1212 576 1279 ὑπόδεσιν
591 1217 669 1278 έν
633 1240 668 1319 τη
679 1214 852 1280 καταστάσει
863 1241 914 1279 και
904 1212 1144 1317 παρεκβάσιι
1114 1239 1159 1277 τε·

198 1309 283 1363 θεικε
292 1304 432 1402 διαβολης
441 1300 527 1363 ἕνεκα
537 1296 681 1382 δηλονοτι
702 1295 845 1404 ἐπειδη
809 1324 991 1404 γαρονομος
1000 1303 1086 1363 δοκει
1090 1305 1160 1405 φιλ

200 1381 429 1491 ανθροκτδτατος
439 1381 517 1447 εἶναι
521 1430 532 1465 ,
549 1390 608 1448 τῶν
618 1378 761 1464 δεσμῶν’
743 1385 857 1464 αφιιλς,
875 1381 980 1448 τούτου
991 1382 1077 1447 ένεκα
1088 1406 1161 1446 αντ-

200 1470 304 1575 ἔθηκε
307 1475 429 1531 πλεῖστα
432 1468 499 1569 μὲν
512 1492 563 1531 και
552 1463 668 1570 άλλα,
686 1465 813 1549 μάλιστα
823 1462 897 1532 δε
865 1493 902 1531 τα
913 1464 968 1532 666
978 1473 1087 1548 ταῦτα,
1104 1462 1163 1546 τήν

199 1577 229 1614 τε
244 1547 391 1615 ὑπόθεσιν
387 1546 463 1655 τὴν
480 1546 555 1655 ηατά
569 1546 637 1626 τοδς
654 1574 695 1651 ηρ
696 1552 803 1652 έσβεις,
825 1554 877 1614 ἵνα
870 1576 924 1651 τη
909 1547 1059 1615 υπονοία
1041 1574 1161 1657 ταυτῃ

199 1630 251 1736 την
267 1630 420 1738 άκροατην
435 1637 467 1696 έν
482 1631 600 1720 ὑποψία
618 1629 688 1709 δοδς
706 1630 781 1697 κατά
797 1659 848 1698 του
836 1629 1013 1699 άντιδίκου
1023 1614 1142 1741 κνίση(
1122 1660 1163 1708 ως

199 1713 251 1781 τδν
267 1714 359 1799 νόμον
377 1712 420 1781 δι’
439 1697 676 1821 αἰσχροκέρδειαν
692 1715 857 1792 τεθεικότος
873 1715 948 1803 ὑπέρ
965 1718 1099 1803 ῥητόρων
1110 1719 1162 1781 καλ

198 1803 490 1903 κολιτευομένιον,α
532 1798 603 1864 άσαι
618 1795 656 1863 τά
673 1826 760 1864 κοινα
747 1799 1034 1908 προαιρουμένων,
1055 1795 1157 1865 καλ
1128 1816 1185 1867 τοί

199 1880 453 1987 ηἰσάμφηρον,ν
420 1887 453 1948 ἐν
470 1798 730 1990 ὁιιέκάιτοστιρῆσαι
751 1880 806 1966 τὴν
827 1883 954 1951 πόλιν*
938 1883 1080 1951 αιτάνιυν
1101 1891 1163 1948 τῶν

201 1964 381 2070 ὀφλημάτων
397 1950 548 2071 βούλεται·
569 1964 667 2031 666⁸
637 1991 670 2030 το
666 1966 846 2070 άδικρν,έ
846 1996 864 2032 ν
880 1960 905 2033 οἷ
915 1967 960 2034 δτι
971 1965 1102 2077 ἀναξίοις
1113 1972 1162 2033 δε-

201 2049 327 2153 σμωταις
335 2076 390 2157 την
398 2076 485 2161 χάριν
494 2055 604 2115 δίδωσι
621 2074 694 2131 προς
704 2048 775 2116 δδτο
785 2034 1008 2156 δυνατδν,
929 2058 1008 2118 οτιε
1015 2054 1067 2117 καὶ
1075 2054 1163 2136 Ἡβου

201 2132 330 2236 λόμεθα,
354 2132 410 2240 066
414 2132 466 2239 ἦν
478 2133 619 2199 δυνατόν·
621 2133 835 2244 άνριρρῦνται
845 2134 903 2223 γάρ
914 2164 965 2219 της
976 2140 1123 2213 πολιτείας
1133 2138 1166 2200 οί

201 2215 333 2295 κανόνες.
343 2219 393 2329 μὴ
402 2215 557 2322 άγνοαμεν
569 2215 628 2283 66‘⁸
612 2244 656 2283 οτι
666 2215 698 2283 τὸ
710 2222 763 2300 μὲν
774 2217 900 2322 ηόμιμον
911 2218 1074 2325 κεφάλαιον
1084 2220 1163 2284 έπε-

202 2304 485 2408 λέσταταείργασται,
493 2330 525 2369 το
514 2298 565 2368 δὲ
576 2307 608 2368 δί
594 2307 693 2368 ίκαιον
704 2307 754 2367 καὶ
762 2328 795 2367 το
784 2299 956 2411 συμφέρον
966 2307 1020 2410 καλ
1027 2329 1061 2368 το
1049 2299 1165 2369 ’δυνα-

201 2383 253 2451 τὸν
272 2383 419 2489 άλλήλοις
426 2391 628 2493 συμπλέκεται.
661 2381 760 2451 καλ“το
777 2388 832 2470 μὲν
842 2391 994 2495 συμφέρον
1005 2390 1037 2452 ἐν
1047 2384 1165 2463 τοάτοις

202 2466 305 2535 ἐστὶ
277 2496 309 2535 το
320 2471 557 2573 προηγούμενον,
580 2469 823 2548 κατασκευάζεται
835 2475 867 2576 δὲ
878 2471 929 2537 διά
938 2498 969 2537 τε
978 2498 1030 2538 τον
1017 2476 1165 2583 δικαίου

202 2557 254 2617 καὶ
264 2578 315 2616 του
302 2555 434 2619 άδίκου
445 2560 496 2619 καλ
506 2581 559 2620 τον
545 2551 735 2664 άδυνάτου
747 2563 808 2620 πάν
818 2552 876 2662 γάρ
887 2555 993 2621 άδικον
1005 2558 1057 2620 καλ
1065 2551 1165 2639 άσάμ·

203 2661 306 2739 φορον.
322 2665 381 2743 τφ
362 2635 422 2701 6⁷
441 2634 522 2726 αὐτῷ
533 2641 584 2703 καλ
593 2641 720 2724 κερὶτου
708 2634 881 2705 άδυνάτου
892 2641 962 2745 βιάζ
960 2666 1021 2705 εται
1031 2646 1168 2725 χρῆσθαι

203 2717 296 2807 λόγῳ·
320 2702 563 2805 δγάράδάνάτόν
575 2742 663 2829 φησι,
686 2748 771 2788 τουτο
783 2720 821 2806 δη
830 2751 882 2788 και
893 2720 1106 2828 άσάμφορον.
1112 2724 1166 2787 καλ

203 2784 304 2904 ἐπειδὴ
320 2804 501 2912 Τιμοκράτης
519 2807 648 2881 κολάς’
634 2828 694 2870 εστι
714 2815 750 2895 τῇ
762 2814 984 2913 φιλανθρωπία
1000 2816 1053 2873 τοῦ
1053 2804 1167 2908 νόμου

203 2885 363 2970 χρώμενος,
385 2889 460 2972 αάτη
477 2891 509 2954 66
519 2886 609 2953 666⁸
580 2915 613 2954 το
625 2893 741 2995 δίκαιον
734 2886 961 2992 άναφέροιτο“
941 2920 994 2974 αν,
1014 2885 1065 2957 δια
1074 2898 1167 2955 τοῦτο

203 2975 400 3081 Δημοσθένης
409 2997 599 3078 πανταχου
569 2982 611 3038 τολ
617 2970 785 3079 άσυμφόρφ
799 2977 961 3081 κέχρηται,
968 2970 1086 3051 δεικνδς
1099 2976 1166 3039 έπι·

203 3060 298 3139 δλνβη
309 3083 360 3120 και
350 3054 525 3141 ’ἐπιζημιον
535 3056 716 3141 τυγχάνοντα
727 3084 763 3145 τη
749 3057 892 3125 666⁸
864 3086 916 3125 τον
926 3059 1026 3143 νόμον.

291 3274 360 3334 Τοῦ
369 3268 431 3354 μὲν
442 3265 588 3353 ἀγῶνος,
607 3260 763 3352 οἶάνδρες
775 3273 939 3356 δικασταὶ,
957 3277 1020 3337 τοῦ
1030 3271 1167 3354 παρόν-

203 3390 258 3441 τος
276 3361 348 3432 066’
368 3361 411 3433 66
428 3364 533 3434 αὐτὸν
552 3365 639 3452 οἶμαι
652 3367 860 3454 Τιμοκράτην
878 3376 983 3439 εἰπεῖν
1000 3365 1044 3447 669
1055 3369 1165 3451 αἴτιός

204 3463 294 3530 ἐστιν
304 3463 404 3545 άλλος
414 3492 462 3545 τις
473 3464 562 3555 αὐτῷ
576 3464 664 3551 πλην
675 3463 882 3556 αὐτδςαδτῷ.
904 3466 1082 3554 χρημάτων
1091 3467 1162 3553 γάρ
