2370 3854
120 200 183 264 460
299 204 444 263 xxxvul.
467 198 885 259 ΔΗΜΟΣΘΕΝΟΤΣ

122 355 148 430 ύ
166 369 352 447 Ξενοπείθη
370 363 425 428 καὶ
441 365 652 444 Ναυσίμαχε;
674 362 755 427 ’τοτὲ
771 360 832 444 μὲν
854 359 918 444 γάρ
942 356 986 438 άς
1008 355 1072 426 ούκ

120 461 282 529 ἀποδόντι
303 464 395 538 δίκας
413 462 607 544 ἐλαγχάνετε
628 458 685 525 καί
704 455 836 544 χρήματ’
856 458 1071 544 ἐπράττεσθε,

119 560 191 626 τοτὲ
210 557 242 625 δ’
261 556 305 637 ὡς
321 557 530 643 παραδόντος
548 554 690 623 διώκετε.
734 561 765 623 εί
784 555 815 623 δ’
834 553 881 624 ἐπ’
898 554 1072 644 άμφότερα

120 663 209 724 ἔσται
227 671 452 742 συκοφαντεῖν
468 653 567 741 ύμῖν,
589 656 645 723 καὶ
662 654 735 723 τοτὲ
751 658 812 741 μὲν
827 663 889 723 τοῦ
906 652 950 742 μὴ
962 678 1072 740 παρα-

120 762 238 824 δοῦναι
253 757 405 844 χρήματα
421 754 627 839 ἐπράξασθε,
648 753 722 821 τοτὲ
740 753 776 821 δέ
798 751 842 832 ως
863 751 1072 838 παραδόντος

119 853 260 938 διώξετε,
273 852 373 923 ούδὲν
383 853 505 923 κωλύει
516 853 571 919 καὶ
584 859 697 935 τρίτον
707 878 739 919 τι
750 866 887 919 σκοπεῖν
896 849 977 938 μετά
989 859 1071 918 ταύ-

117 980 175 1038 τα,
193 951 274 1019 ὅτου
291 953 394 1021 πάλιν
410 952 601 1020 δικάσεσθε.
634 955 669 1019 ολ
683 950 781 1038 νόμοι
799 949 832 1018 δ’
844 949 886 1019 ού
901 958 1005 1018 ταῦτα
1017 955 1071 1018 λε’-

118 1070 252 1136 γουσιν,
272 1047 339 1117 ἀλλ’
352 1048 438 1129 ἅπαξ
449 1054 523 1134 περὶ
539 1057 608 1117 των
618 1047 732 1118 αύτων
741 1048 824 1136 πρὸς
833 1048 895 1117 τδν
907 1048 1012 1117 αύτὸν
1023 1049 1072 1118 εδ·

117 1177 172 1216 ναι
184 1147 243 1228 τάς
254 1153 355 1227 δίκας.

78 1269 106 1322 17
193 1246 265 1317 Ἵνα
275 1255 391 1315 τοίνυν
402 1241 558 1334 είδῆτε,ύ
574 1245 694 1331 ἅνδρες
705 1247 873 1330 δικασταὶ,
890 1243 942 1313 ὅτι
953 1242 996 1313 ού
1006 1246 1070 1332 μό-

10 1402 13 1407 .
118 1345 254 1416 νονούκ
265 1344 462 1414 ἀδικοῦνται
473 1353 555 1431 νῦν,
577 1344 662 1415 άλλοὶ
679 1348 735 1414 καὶ
751 1343 839 1431 παρά
851 1344 978 1424 πάντας
988 1343 1069 1431 ἡμῖν

118 1445 305 1526 δικάζονται
328 1443 407 1525 τούς
428 1446 568 1532 νόμους,
591 1445 757 1533 βούλομαι
777 1447 832 1513 καὶ
849 1450 972 1513 τοῦτον
988 1441 1070 1529 ὑμῖν

117 1542 178 1610 τὸν
189 1543 296 1629 νόμον
314 1550 435 1630 εἰπεῖν,
459 1543 550 1623 ὅστις
567 1543 753 1631 διαρρήδην
769 1546 871 1629 λέγει,
895 1540 955 1611 ἐὰν
971 1547 1069 1611 πέντε

117 1646 171 1727 ε”τη
184 1645 334 1729 παρέλθῃ
345 1643 400 1708 καί
415 1639 461 1728 μὴ
471 1644 690 1727 δικάσωνται,
708 1639 817 1728 μηκέτ’
828 1637 913 1710 εἷναι
929 1656 998 1722 τοῖς
1009 1641 1069 1730 ὀρ-

107 1740 236 1824 ’φανοῖς
252 1744 349 1826 δίκην
367 1744 521 1824 περὶτῶν
538 1745 574 1809 ἐκ
585 1749 644 1827 τῆς
655 1743 832 1827 ἐπιτροπῆς
842 1741 1067 1826 ἐγκλημάτων.

117 1841 172 1906 καὶ
183 1836 264 1924 ύμῖν
274 1837 501 1923 ἀναγνώσεται
512 1839 572 1907 τόν
583 1841 698 1926 νόμον.
1026 1845 1028 1849 ’

501 1999 678 2059 ΝΟΜΟΣ.

75 2145 108 2197 18
199 2127 360 2215 Ἀκούετε,
373 2121 400 2197 οἶ
411 2127 530 2213 ἄνδρες
541 2132 708 2217 δικασταί,
726 2138 787 2199 τοῦ
796 2129 904 2218 νόμου
914 2132 1070 2216 λέγοντος

117 2227 284 2313 ἄντικρυς,
296 2226 357 2297 ἐάν
367 2227 412 2315 μὴ
424 2235 521 2297 πέντε
532 2232 616 2297 ἐτοῖν
627 2230 845 2314 δικάσωνται,
864 2225 971 2316 μηκέτ’
984 2226 1069 2296 εἶναι

118 2329 221 2412 δίκην.
255 2325 383 2395 ούκοῦν
399 2326 573 2414 ἐλάχομεν,
594 2342 692 2415 φαῖεν
709 2325 761 2396 άν.
795 2332 849 2396 καὶ
866 2328 1071 2397 διελύσασθέ

118 2451 171 2508 γε,
197 2421 269 2491 ὥστ’
284 2421 347 2492 ούκ
365 2428 448 2493 είσὶν
467 2419 567 2507 αύθις
584 2426 664 2514 ὑμῖν
681 2432 780 2496 δίκαι.
811 2423 834 2513 ἢ
851 2426 1009 2514 δεινόν,γ’
1024 2423 1068 2495 άν

118 2532 185 2607 είη,
208 2529 238 2590 εί
253 2531 320 2590 τάν
334 2523 397 2608 μέν
412 2527 445 2604 ἐξ
463 2523 563 2612 άρχῆς
578 2525 791 2613 ἀδικημάτων
803 2524 845 2595 ού
858 2531 995 2595 δίδωσιν
1005 2530 1066 2604 ἐξω

116 2616 204 2687 πέντ’
217 2623 302 2688 ἐτοίν
318 2618 377 2700 τάς
395 2627 486 2700 δίκας
501 2635 570 2702 τοῖς
581 2623 741 2711 ὀρφανοῖς
752 2624 770 2694 ὁ
782 2626 886 2711 νόμος
897 2623 980 2692 κατά
996 2631 1067 2692 τοῖν

115 2717 178 2785 ούκ
197 2716 387 2806 άφειμένων
405 2721 609 2807 ἐπιτρόπων,
634 2722 718 2808 πρὸς
734 2722 769 2790 δέ
786 2719 865 2801 τούς
877 2724 910 2802 ἐξ
928 2724 1067 2790 ἐκείνων

114 2814 216 2902 ἡμᾶς,
240 2819 316 2900 περὶ
328 2809 377 2883 ὦν
389 2816 512 2896 αύτούς
525 2818 691 2906 ἀφήκατε,
714 2826 851 2907 εἰκοστῷ
862 2828 928 2888 νῦν
939 2826 1003 2889 ἔτει
1015 2825 1066 2888 δι’·
1078 2839 1129 2896 990

115 2941 179 3000 κην
190 2911 371 2982 τελέσαισθ’
385 2911 484 3001 ὑμεῖς.

75 3025 106 3080 19
198 3012 323 3082 Ἀκούω
336 3022 452 3083 τοίνυν
463 3014 587 3099 αύτούς
602 3018 642 3086 τά
660 3020 722 3107 μὲν
739 3023 814 3106 περὶ
833 3027 901 3089 τῶν
912 3019 1066 3105 πραγμά-

114 3139 182 3179 των
193 3110 306 3180 αύτάν
322 3117 377 3181 καί
393 3123 462 3182 τάν
478 3115 593 3202 νόμων
611 3123 721 3187 δίκαια
739 3121 938 3205 φεύξεσθαι,
960 3142 1065 3204 παρε-

115 3210 302 3278 σκευάσθαι
324 3214 359 3279 δὲ
380 3215 487 3299 λέγειν
506 3213 552 3295 ὡς
571 3216 677 3285 πολλοὶ
691 3216 826 3304 χρήματ’
836 3216 951 3296 αὐτοῖς
966 3242 1067 3286 κατε-

115 3316 238 3396 λείφθη
250 3311 305 3378 καλ
311 3310 404 3377 ταῦτ’
417 3309 703 3402 ἀπεστερήθησαν,
712 3317 935 3408 καὶτεκμηρίφ
943 3315 1064 3404 χρήσε-

116 3416 199 3475 σθαι
210 3407 333 3478 τούτου
343 3414 388 3500 τῷ
399 3418 533 3499 μεγέθει
544 3421 612 3482 τῶν
627 3419 729 3483 δικῶν
735 3411 774 3494 ἃς
781 3417 814 3496 ἐξ
821 3413 923 3502 ἀρχῆς
935 3420 1075 3501 ἔλαχον,
