2370 3854
162 186 226 252 440
344 191 481 250 XXXVII.
516 186 934 251 ΔΗΜΟΣΘΕΝΟΤΣ

163 364 297 441 φαντεῑ,
308 349 494 419 ὑπόλοιπόν
505 352 573 418 έστι
583 344 665 430 παρ’
677 345 772 435 ὑμῖν,
784 341 942 436 ῶάνδρες
954 355 1116 443 δικασταὶ,

163 454 367 529 ἐπιδείξαντα
387 445 431 528 ῶς
447 445 521 516 οὐδ’
541 445 657 515 ὁτιοῦν
677 445 798 534 ἀδικῶ,
820 445 1117 539 καλμάρτυραςῶν

162 546 206 618 άν
216 553 300 634 λέγω
311 547 580 635 παρασχόμενον,
598 546 823 631 πειράσασθαι
833 548 950 629 σῶζειν
960 550 1114 635 ἐμαυτόν.

36 670 39 675 ·
136 649 321 735 λδεησομαι
343 648 379 716 δέ
400 649 455 716 καλ
476 653 592 734 μέτρια
614 647 670 713 καλ
695 649 804 714 δίκαια
826 644 923 733 ὑμῶν
944 644 1113 734 ἁπάντων,

161 745 305 816 ἀκοῦσαί
318 749 357 816 τέ
371 773 437 835 μου
454 748 528 833 περὶ
547 736 597 814 ῶν
613 745 877 831 παρεγραψάμην
888 744 1049 826 εὐνοϊκῶς
1059 750 1116 814 καλ

160 849 332 933 προσέχειν
342 845 410 935 ὅλῳ
421 855 469 937 τῶ
479 846 645 931 πράγματι
655 840 717 911 τδν
727 853 826 913 νοῦν·
843 854 977 914 πολλῶν
985 844 1051 932 γάρ
1063 850 1116 912 δι-

159 952 230 1013 κῶν
247 947 285 1012 έν
301 951 344 1032 τῇ
361 944 455 1010 πόλει
465 946 712 1028 γεγενημένων,
734 941 857 1012 οάδένα
867 969 919 1011 πω
931 948 1028 1031 δίκην
1039 944 1114 1012 οὔτ’

160 1042 397 1127 ἀναιδεστέραν
414 1040 492 1109 οὔτε
509 1043 846 1127 συκοφαντικωτέραν
862 1040 953 1128 οἶμαι
963 1042 1115 1129 φανήσε-

159 1152 242 1211 σθαι
259 1142 497 1227 δεδικασμένον
512 1132 553 1227 ἧς
562 1146 629 1206 νῦν
638 1136 752 1207 οὑτοσὶ
761 1137 873 1225 λαχῶν
884 1144 1048 1208 εἰσελθεῖν
1059 1165 1115 1208 τε-

158 1240 331 1330 τόλμηκεν.
363 1242 396 1320 ἐξ
413 1238 515 1326 ἀρχῆς
526 1238 570 1323 δ’,
595 1236 638 1318 ῶς
649 1233 693 1307 ἀν
704 1235 773 1318 οἷός
783 1264 818 1307 τε
830 1230 868 1326 ά,
880 1237 934 1308 διά
945 1236 1115 1326 βραχυτά-

160 1367 228 1408 των
237 1338 369 1409 ἅπαντα
381 1340 421 1408 τά
433 1343 625 1427 πραχθέντα
636 1337 834 1425 διηγήσομαι
845 1335 930 1423 πρδς
940 1334 1036 1424 ὑμᾶς.

134 1461 153 1514 4
240 1438 473 1526 Ἐδανείσαμεν
489 1443 587 1507 πέντε
603 1440 658 1506 καλ
676 1434 797 1505 ἑκατὸν
806 1434 966 1556 μνάςέγῶ
977 1436 1031 1503 καλ
1042 1433 1114 1502 Εὕ-

158 1564 271 1627 εργος,
295 1532 452 1626 ωανδρες
463 1540 628 1623 δικασταὶ
649 1536 863 1624 Πανταινέτω
873 1559 981 1625 τουτω
992 1531 1044 1601 έπ
1057 1537 1114 1619 έρ-

158 1644 324 1730 γαστηρίμ
339 1662 375 1705 τε
386 1639 423 1705 ἐν
432 1650 501 1716 τοις
511 1641 621 1722 ἔργοις
630 1637 667 1703 έν
677 1640 861 1722 Μαρωνείᾳ
873 1632 1115 1719 καλτριάκοντα

160 1733 389 1824 ἀνδραπόδοις.
433 1729 477 1823 ἦν
498 1735 535 1803 δέ
554 1741 616 1803 τοῦ
639 1738 853 1821 δανείσματος
872 1732 1115 1817 τετταράκοντα

159 1835 221 1920 ὲν
231 1837 287 1902 καλ
297 1840 394 1903 πέντε
407 1835 587 1922 μναλέμαλ,
597 1830 804 1901 τάλαντονδ’
817 1829 979 1917 Εὐέργου.
1015 1834 1115 1898 συνέ-

160 1935 307 2018 βαινεδὲ
322 1957 444 2000 τουτον
454 1929 603 2017 οφειλειν
612 1939 803 2017 Μνησικλεῖ
811 1930 872 2016 μὲν
882 1937 1047 1999 Κολλυτει
1054 1955 1115 1997 τα-

160 2037 298 2116 λαντον,
321 2030 424 2118 Φιλέᾳ
442 2027 474 2097 δ’
483 2026 670 2117 Ἐλευσινίῳ
688 2031 744 2097 καλ
752 2035 929 2115 Πλείστορι
945 2034 1042 2097 πέντε
1058 2031 1114 2096 καλ

134 2127 400 2214 στετταράκοντα
416 2134 509 2215 μνᾶς.
544 2125 672 2215 πρατὴρ
689 2127 750 2215 μέν
767 2128 807 2214 δὴ
824 2134 885 2196 τοῦ
896 2131 1113 2214 ἐργαστηρίου

159 2230 216 2295 καλ
232 2237 300 2295 τῶν
311 2224 534 2313 ἀνδραπόδων
545 2225 563 2295 ὁ
576 2235 773 2314 Μνησικλῆς
783 2223 863 2315 ἡμῖν
873 2237 1035 2314 γίγνεται·
1058 2226 1113 2292 καλ

158 2326 223 2412 γάρ
241 2326 366 2413 έῶνητο
381 2330 506 2407 ἐκεῖνος
522 2324 607 2394 αάτά
626 2326 733 2417 τούτῳ
744 2325 833 2412 παρά
848 2324 1041 2413 Τηλεμάχου
1051 2330 1114 2391 τοῦ

160 2424 324 2511 πρότερον
335 2432 553 2513 κεκτημένου·
568 2435 749 2513 μισθοῦται
759 2423 790 2492 δ’
802 2422 915 2492 οῦτοσλ
926 2421 1004 2508 παρ’
1017 2420 1114 2508 ἡμῶν

159 2531 221 2591 τοῦ
236 2526 436 2610 γιγνομένου
453 2525 555 2594 τόκου
571 2533 617 2614 τῷ
635 2524 798 2614 ἀργυρίῳ,
823 2524 985 2591 κέντεκαὶ
996 2518 1114 2587 έκατδν

161 2627 317 2710 δραχμῶν
327 2630 388 2691 τοῦ
399 2624 502 2710 μηνὸς
514 2623 664 2691 ἑκάστου.
687 2624 742 2691 καλ
751 2626 914 2706 τιθέμεθα
926 2617 1111 2703 συνθήκας,

159 2725 197 2791 έν
215 2717 266 2799 αἷς
281 2719 302 2806 ἥ
319 2747 354 2789 τε
370 2728 533 2807 μίσθωσις
550 2715 594 2806 ἦν
609 2722 819 2840 γεγραμμένη
836 2716 891 2784 καλ
902 2712 996 2791 λύσις
1005 2711 1112 2800 τούτω

134 2817 241 2904 6παρ’
257 2816 353 2903 ἡμῶν
369 2824 407 2885 έν
422 2842 488 2884 τινι
505 2820 592 2907 ῥητῷ
604 2817 725 2905 χρόνῳ.
758 2812 978 2898 πραχθέντων
989 2810 1025 2880 δέ
1035 2809 1114 2878 τοῦ-
1122 2819 1175 2876 968

159 2945 228 2987 των
238 2919 504 3003 ἐλαφηβολιῶνος
514 2914 618 3002 μηνδς
629 2916 681 2983 έπλ
689 2909 889 3000 Θεοφίλου”
867 2936 1037 2997 αρχοντος,
1049 2908 1112 2996 έγῶ

159 3018 378 3108 μλνέκπλέων
389 3012 505 3096 ελςτδν
515 3013 648 3084 Πόντον
666 3012 771 3093 εὐθὺς
789 3008 938 3105 ράχόμην,
965 3002 1062 3089 οὗτος
1081 3011 1113 3076 δ’

160 3110 317 3187 ἐνθάδε
294 3144 339 3205 ην
348 3118 403 3185 καλ
414 3115 573 3204 Εὔεργος.
606 3142 647 3184 τα
634 3113 718 3203 μέν
729 3111 769 3201 δη
782 3113 973 3198 πραχθέντα
985 3135 1114 3188 τουτοις

160 3212 243 3299 πρὸς
254 3212 386 3299 αὐτοῦς,
399 3216 460 3291 ἕως
470 3211 664 3300 ἀπεδήμουν
674 3205 799 3299 έγῶ,’
758 3237 821 3281 ουκ
830 3212 874 3277 δν
882 3214 986 3331 ἔχοιμι
994 3213 1113 3276 εἰπεῖν·

158 3336 237 3378 ουτε
248 3338 312 3397 γαρ
322 3336 426 3379 ταυτα
416 3309 645 3395 λέγουσιν
602 3337 663 3379 ουτ
666 3307 740 3378 αεὶ
750 3311 853 3378 ταυτα
863 3333 963 3386 ουτος
971 3332 1019 3391 γε
1031 3292 1113 3371 ἀλλά

158 3433 215 3474 τοι
216 3409 309 3493 έμέν
325 3406 510 3478 έκπεσεῑυ’
490 3435 537 3477 υπ
541 3413 632 3478 ’ίέκε
617 3415 750 3498 ίίνουβ
738 3436 758 3475 α
771 3406 860 3495 παρὰ
871 3404 929 3484 τὰς
940 3401 1114 3488 συνθήκας
