2370 3854
156 232 219 299 III
357 234 452 290 xxnI.
491 228 911 291 ΔΗΜΟΣΘΕΝΟΤΣ

155 395 310 480 γέγονεν,
323 389 395 460 ἀλλ’
409 389 454 471 ὡς
465 396 534 459 ἔστι
546 396 676 459 δίκαιον
687 396 879 474 γίγνεσθαι,
895 385 974 475 μηδ’
988 385 1034 467 ὡς
1044 390 1118 458 ἕτε-

157 518 210 577 ροι
231 491 424 570 δικάσαντες
444 490 619 576 ἐκύρωσαν
639 491 766 573 ἐκεῖνα,
789 485 863 555 ἀλλ’
885 485 971 572 ύμιῖς
989 485 1119 567 αύτούς

157 591 288 673 ἀξιοῦτε
305 591 475 659 διδάσκειν
493 587 537 668 ὡς
554 585 732 672 δικαιότερ’
750 583 847 673 ἡμῶν
862 587 938 671 περὶ
948 591 1050 654 τοῦδε
1061 593 1118 655 λέ-

72 772 76 779 ,
156 712 283 778 γουσιυ.
317 697 348 759 εί
365 692 401 759 δὲ
417 697 517 758 τοῦτο
528 687 573 776 μὴ
586 685 803 773 δυνήσονται,
828 682 1116 772 ούχὶκαλωςέχειι

156 786 237 876 ὑμῖν
247 787 392 876 ἡγοῦμαι
402 787 465 874 την
476 790 596 871 ἑτέρων
607 784 738 871 ἀπάτην
751 786 957 870 κυριωτέραν
966 783 1119 872 ποιήσα-

113 895 307 974 99σθαιτῆς
326 884 485 972 ὑμετέρας
502 883 615 953 αὐτῶν
632 884 775 971 γνύμης.
808 888 856 951 ἔτι
871 888 988 951 τοίνυν
1003 888 1119 972 ἔμοιγε

157 986 313 1054 δοκεῖκαὶ
330 983 452 1071 σφόδρ’
473 981 611 1070 ἀναιδὴς
631 981 649 1050 ό
669 992 819 1061 τοιοῦτος
837 982 1048 1068 εἶναιλόγος,
1071 981 1119 1064 τός

156 1089 273 1170 γέγονε
290 1085 345 1151 καὶ
362 1082 530 1168 πρότερόν
540 1102 628 1152 τισιν
637 1083 751 1162 ἀλλοις
761 1089 898 1151 τοιαῦτα
909 1089 1117 1170 ψηφίσματα.

157 1181 199 1251 ού
209 1182 274 1270 γὰρ
287 1193 320 1252 εί
330 1211 361 1250 τι
374 1183 507 1251 τιύτιοτε
517 1184 561 1270 μὴ
574 1181 658 1251 κατὰ
668 1182 747 1260 τούς
759 1182 885 1268 νόμους
896 1181 1060 1270 ἐπράχθη,
1071 1181 1118 1250 σύ

158 1287 194 1351 δὲ
203 1280 297 1351 τοῦτ’
308 1283 474 1370 ἐμιμήσω,
493 1280 548 1351 διὰ
558 1280 651 1351 τοῦτ’
664 1279 853 1367 ἀποφυγεῖν
870 1301 923 1351 σοι
944 1280 1120 1368 προσήκει,

156 1380 241 1451 ἀλλά
257 1381 457 1452 τούναντίου
475 1383 563 1451 τολύ
580 1388 708 1468 μᾶλλον
726 1377 923 1449 ἁλίσκεσθαι
934 1377 989 1448 διά
999 1388 1117 1448 ταῦτα.

158 1479 268 1565 ὥσπερ
279 1480 361 1568 γὰρ,
373 1492 407 1550 εί
413 1507 462 1561 τις
472 1484 611 1549 ἐκείνων
637 1478 722 1565 ἥλω,
745 1477 788 1545 σύ
799 1476 874 1547 τύδ’
888 1472 1006 1546 ούκάν
1016 1481 1120 1564 ἔγρα·

156 1593 237 1665 ψας,
251 1578 373 1665 οὕτως,
385 1575 428 1648 ἀν
440 1578 483 1647 σύ
496 1586 562 1647 νῦν
572 1577 676 1669 ἁλῷς,
695 1577 795 1657 ἀλλος
806 1576 848 1646 ού
858 1578 989 1664 γράψει.

101 1692 149 1756 ιὀρ
238 1675 294 1756 Ὡς
304 1677 366 1764 μὲν
377 1684 494 1746 τοίνυν
504 1675 546 1745 ού
560 1676 649 1764 τιαρά
667 1677 795 1757 πάντας
809 1676 889 1758 τούς
904 1678 1032 1764 νόμους
1048 1705 1120 1764 φα-

158 1783 263 1865 νερῶς
273 1778 420 1864 γέγραφε
430 1778 468 1844 τό
486 1775 918 1865 ψήφισμαἈριστοκράτης,
943 1775 1006 1847 ούκ
1025 1777 1121 1866 οἶμαι

159 1879 266 1960 λέγειν
284 1875 389 1943 αὐτόν
405 1878 506 1956 ἕξειν·
529 1876 593 1963 ἤδη
604 1880 643 1944 δέ
651 1873 715 1944 τιν’
729 1875 835 1960 εἶδον,
848 1867 1122 1965 ὦάυδρεςἎθη-

158 1986 263 2056 ναῖοι,
279 1973 416 2060 γραφὴν
433 1972 678 2060 ἀγωνιζόμενον
694 1974 900 2062 παρανόμων
915 1991 984 2056 τοῖς
1000 1975 1122 2063 νόμοις

159 2070 468 2160 μὲνάλισκόμενον,
490 2071 534 2153 ὡς
544 2074 580 2142 δὲ
590 2072 801 2160 συμφέρονθ’
813 2072 895 2161 ύμῑυ
904 2076 1052 2161 γέγραφε
1060 2078 1121 2145 λέ-

159 2198 231 2258 γειν
241 2175 486 2261 ἐπιχειροῦντα,
504 2175 559 2241 καί
576 2172 680 2262 ταύτη
690 2172 904 2261 βιαζόμενον,
923 2171 1031 2261 εὐήθη
1044 2175 1118 2265 μὲν,

98 2288 145 2340 101
159 2272 264 2360 οἶμαι,
275 2280 403 2360 μᾶλλον
417 2270 448 2341 δ’
462 2271 582 2360 ἀναιδῆ
595 2272 713 2357 λόγον·
738 2271 841 2359 είγάρ
853 2278 908 2343 καί
918 2272 1002 2342 κατὰ
1012 2272 1120 2345 τᾶλλα
1127 2288 1180 2344 654

158 2374 267 2442 ιτάυτα
278 2377 442 2461 συμφέρει
452 2374 493 2441 τά
507 2376 680 2461 εἰρημένα,
702 2366 725 2463 ᾗ
742 2400 780 2458 γε
798 2371 1015 2461 ὀμωμοκότας
1031 2375 1119 2444 κατά

157 2469 236 2548 τούς
247 2471 372 2556 νόμους
384 2470 533 2538 δικάσειν
543 2469 900 2557 ύμιῖςάξιολκυρούνά
915 2470 995 2559 μηδ’
1015 2469 1119 2553 αύτός

157 2574 222 2656 ἔχει
238 2572 372 2646 δικαίως
394 2572 496 2648 δεῖξαι
517 2573 743 2657 γεγραμμένα,
767 2569 967 2661 ἀσύμφορον
989 2566 1032 2641 ἀν
1052 2580 1117 2659 εδη,

159 2677 250 2751 είτιερ
267 2664 305 2734 τό
326 2664 479 2751 εὐορκεῖν
498 2670 573 2751 περὶ
583 2676 740 2737 πλείστου
751 2677 854 2738 τοῖσίν
864 2673 933 2737 ἐστι
943 2672 1116 2758 ποιητέον·

158 2765 200 2832 ού
219 2764 286 2852 μὴν
306 2763 380 2833 ἀλλ’
403 2770 467 2850 ἔχει
487 2765 552 2834 τιν’
575 2765 665 2854 ὅμως
686 2765 707 2854 ἡ
728 2765 879 2836 ἀναίδεια
896 2766 981 2854 αύτη
1000 2767 1113 2854 λόγον.

156 2864 265 2954 τούτῳ
282 2869 399 2930 τοίνυν
416 2861 490 2933 οὐδ’
512 2861 609 2945 οὗτος
623 2869 753 2936 ἐνέσται
767 2869 852 2952 πρὸς
867 2865 954 2954 ύμιῖς
967 2865 985 2935 δ
997 2867 1113 2954 λόγος·

157 2962 246 3033 οὕτω
263 2962 327 3049 γάρ
346 2963 478 3050 σφόδρα
488 2967 640 3035 έυαυτίον
651 2962 693 3035 όν
703 2982 773 3047 τοῖς
782 2966 899 3053 νόμοις
908 2964 946 3034 τό
959 2966 1115 3054 ψήφισμα

97 3089 145 3141 102
154 3073 282 3150 μᾶλλον
299 3061 500 3152 ἀσύμφορόν
515 3068 606 3134 ἐστιν
623 3061 645 3153 η’
661 3065 869 3153 παράνομον.
904 3064 1069 3153 βούλομαι
1079 3066 1113 3131 δ’

156 3161 219 3247 ἤδη
230 3166 286 3231 καὶ
296 3162 394 3233 τοῦθ’
407 3160 488 3251 ύμῖν
499 3164 733 3233 ἐπιδεικνύναι.
763 3169 819 3233 ἵνα
831 3161 912 3243 δὀδς
922 3164 975 3232 διά
986 3171 1115 3252 βραχυ-

156 3259 258 3328 τάτου
274 3261 378 3347 λόγου
396 3267 499 3350 δῆλον
517 3261 716 3351 δβούλομαι
736 3263 880 3351 ποιήσω,
904 3260 1114 3348 ταράδειγμά

156 3385 188 3425 τι
199 3360 369 3446 γνώριμον
379 3370 482 3430 πᾶσιν
492 3360 573 3448 ύμῖν
583 3364 656 3447 ἐρῶ.
680 3359 752 3430 ἴσθ’
765 3355 817 3432 ότι
828 3365 991 3449 συμφέρει
1001 3367 1043 3449 τῇ
1050 3359 1115 3428 τό·

156 3465 206 3526 λει
217 3456 298 3544 μήτε
310 3466 476 3547 Θηβαίους
487 3461 568 3547 μήτε
578 3463 862 3547 Λακεδαιμονίους
873 3459 1000 3546 ἰσχύειν
1005 3509 1016 3544 ,
1027 3453 1113 3526 ἀλλά
