2370 3854
267 216 411 278 ΚΑΤΑ
431 215 892 278 ΑΡιΣνοιιΡΑΤονΣ.
993 216 1054 281 ιιι
1155 302 1158 308 ¹

105 374 177 463 οὐχί
186 383 295 455 καλῶς
305 381 370 462 ἔχει
380 373 424 461 μη
437 383 537 443 λῦσαι
546 372 584 442 τὸ
598 376 755 462 ψήφισμα
766 376 854 462 ὑμῖν.
877 385 926 458 τίς
936 377 1001 464 γάρ
1013 378 1054 447 οὐ

104 474 224 561 γράψει
234 480 376 560 θαρρων
387 473 498 559 πάλιν,
508 470 591 560 ἡνίκ’
606 470 650 542 άν
659 467 682 562 ἦ
692 483 791 543 τοῦτο
803 475 1055 564 άποπεφευγός;

103 578 152 650 τίς
163 568 194 638 δ’
207 568 269 639 οὐκ
280 574 466 658 έπιψηφιεῖ;
488 581 537 651 τίς
550 575 585 640 δὲ
595 572 774 659 γράψαντι
795 573 837 642 οὐ
848 582 964 644 τοίνυν
975 585 1056 645 τοῦ·

103 696 141 738 το
153 672 330 757 σκεπτέον,
349 677 380 740 εί
388 668 480 738 τοῦτ’
492 676 583 738 ἔστιν
595 669 724 756 άκυρον
738 686 807 752 τοῖς
816 673 966 759 χρόνοις,
988 673 1055 744 ἀλλ’

104 767 296 855 έκεῖνο,,ὅτι
317 776 358 858 τῇ
381 770 457 856 περὶ
477 769 601 838 τούτου
621 770 735 860 ψήφφ,
758 780 824 840 νῦν
844 772 904 842 έάν
926 771 1058 860 άποψη·

105 876 267 956 φίσησθε,
284 880 354 948 τοῖς
365 866 493 938 άδικεῖν
504 873 722 957 βουλομένοις
733 862 835 948 αὖθις
845 867 931 957 ὑμᾶς
942 870 1058 940 άδειαν

103 966 234 1034 δώσετε.

60 1075 94 1128 95
191 1064 243 1134 Οά
253 1074 370 1136 τοίνυν
380 1065 455 1135 οὐδ’
467 1068 574 1136 ἐκεῖνό
585 1093 635 1154 με,
649 1060 995 1156 άάνδρεςἈθηναίοι,
1004 1073 1059 1137 λε’-
1143 1116 1149 1125 -

105 1174 221 1252 ληθεν,
229 1163 282 1233 ότι
292 1163 403 1252 ἁπλῆν
410 1165 471 1251 μὲν
481 1165 560 1235 οὐδὲ
572 1170 703 1235 δικαίαν
714 1164 791 1248 οὐδ’
803 1166 963 1256 ἡντινοῦν
974 1167 1059 1237 άπο-

106 1269 223 1349 λογίαν
231 1263 484 1352 Ἀριστοκράτης
494 1265 559 1343 έξει
571 1267 698 1349 λέγειν,
718 1265 920 1352 παραγωγάς
937 1268 973 1336 δὲ
990 1294 1060 1336 τοι-
1156 1311 1161 1322 ,

106 1364 210 1439 αότας
225 1360 319 1438 τινάς
333 1364 416 1448 ἐρεῖ,
440 1359 484 1439 οἱς
501 1359 566 1444 άρα
582 1358 689 1430 πολλά
712 1362 839 1430 τοιαῦτ’
853 1363 924 1450 ἤδη
942 1368 1059 1448 γέγονε

106 1467 300 1545 ψηφίσματα
312 1466 454 1551 πολλοῖς.
477 1465 546 1528 έστι
557 1457 591 1527 δ’
605 1459 714 1546 οὐδέν,
735 1454 1060 1549 όάνδρεςἈθηναῖ·

107 1585 153 1644 οι,
164 1566 264 1624 τοῦτο
276 1571 412 1645 σημεῖον
423 1566 486 1626 τοῦ
502 1565 625 1627 τοῦτον
636 1564 762 1646 ἔννομα
773 1565 953 1648 εἰρηκέναι·
977 1570 1059 1629 πολ-

105 1658 159 1724 λαὶ
175 1653 241 1741 γάρ
258 1657 442 1744 προφάσεις
460 1660 525 1727 είσὶ
541 1656 581 1727 δι’
594 1655 633 1738 άς
651 1660 811 1739 πολλάκις
828 1658 922 1747 ὑμεῖς
939 1661 1059 1747 ἐξηπά-

104 1765 218 1842 τησθε.
253 1751 326 1824 οἷον
342 1766 376 1824 εί
395 1783 427 1824 τι
447 1764 516 1824 τοῖν
538 1754 720 1843 ἡλωκότων
743 1759 966 1845 ψηφισμάτων
983 1757 1057 1843 παρ’

62 1868 96 1922 96
106 1850 185 1939 ὑμῖν
202 1852 245 1941 μὴ
265 1853 410 1943 ἐγράφη,
428 1854 549 1942 κόριον
566 1852 610 1925 άν
629 1856 805 1943 δήπουθεν
821 1849 881 1944 ἦν·
915 1858 970 1925 καὶ
992 1857 1059 1944 μὴν

106 1952 195 2036 παρά
210 1951 290 2031 τοὺς
301 1955 427 2041 νόμους
437 1952 466 2041 γ’
478 1951 522 2023 άν
533 1965 654 2043 είρητο.
686 1956 742 2024 καὶ
753 1961 827 2024 είτί
839 1981 878 2040 γε
894 1952 1058 2042 γραφένῆ

106 2054 333 2137 καθυφέντων
342 2061 410 2122 τόν
421 2050 651 2142 κατηγόρωνιῖ
667 2054 712 2140 μή
726 2059 943 2141 δυνηθέντων
955 2054 1059 2140 μηδὲν

108 2151 237 2230 διδάξαι
248 2148 417 2237 άπέφυγε,
436 2153 492 2220 καὶ
508 2161 607 2219 τοῦτο
619 2151 720 2221 ου’δὲν
731 2152 854 2218 κωλάει
864 2152 1060 2238 παράνομον

109 2249 201 2316 εἶναι.
235 2247 297 2316 οὐκ
315 2248 364 2332 ἄρ’
378 2247 579 2334 εὐορκοῦσιν
596 2253 631 2316 οί
646 2247 843 2326 δικάσαντες
859 2246 959 2328 αὐτός
993 2255 1058 2316 ναί.
1164 2272 1168 2276 ·

109 2355 194 2425 πῶςς
228 2343 292 2430 ἐγω
320 2344 450 2425 διδάξω.
493 2345 611 2433 γνώμη
637 2354 679 2434 τῇ
699 2343 890 2433 δικαιοτάτη
913 2345 1061 2412 δικάσειν

108 2441 338 2530 ὀμωμόκασιν,
360 2439 381 2530 ἡ
398 2445 434 2511 δὲ
448 2451 506 2530 τῆς
522 2444 656 2530 γνώμης
666 2443 754 2524 ’δόξα
765 2440 827 2529 άφ’
842 2436 890 2511 όν
901 2439 945 2511 άν
955 2442 1061 2513 άκοά-
1166 2490 1169 2497 -

106 2561 189 2610 σωσι
205 2549 415 2628 παρίσταται·
436 2541 491 2611 ὅτε
506 2550 622 2612 τοίνυν
634 2540 718 2611 κατὰ
735 2543 860 2629 ταύτην
871 2548 988 2611 έθεντο
999 2561 1060 2630 την

65 2657 97 2713 97
108 2650 240 2729 ψῆφον,
252 2640 436 2729 εὐσεβοῦσι.
459 2650 524 2723 πᾶς
534 2643 597 2727 γάρ
610 2640 628 2710 δ
640 2642 720 2730 μήτε
731 2640 775 2710 δι’
787 2646 913 2729 ἔχθραν
924 2642 1005 2729 μήτε
1016 2642 1060 2711 δι’

108 2741 245 2809 εὔνοιαν
266 2743 347 2828 μήτε
369 2740 415 2810 δι’
438 2739 544 2828 άλλην
564 2739 683 2811 άδικον
703 2741 875 2828 πρόφασιν
898 2747 1062 2830 μηδεμίαν

108 2837 187 2922 παρ’
207 2836 423 2925 άγιγνάσκει
439 2845 581 2927 θέμενος
591 2839 654 2928 τὴν
665 2849 780 2930 ψῆφον
791 2838 933 2930 εὐσεβεῖ·
959 2841 1122 2927 είγόιρ653

108 2935 253 3022 ἠγνόησέ
266 2962 298 3004 τι
314 2940 568 3025 διδασκόμενος,
592 2947 655 3007 τοῦ
669 2937 714 3026 μὴ
733 2954 883 3010 συνεῖναι
893 2945 990 3025 δίκην
1003 2941 1063 3007 οὐκ

108 3033 236 3120 ὀφείλει
246 3039 381 3105 δοῦναι·
398 3035 472 3106 ἀλλ’
486 3047 519 3106 εί
524 3063 574 3116 τις
586 3039 681 3117 είδώς
692 3043 839 3116 ἐκείνους
852 3038 1064 3123 προδέδωκεν

108 3129 300 3222 ἢέξαπατηλ,
319 3128 416 3214 οὗτός
425 3134 495 3204 ἐστ’
506 3140 619 3219 ἔνοχος
630 3143 672 3221 τῇ
681 3131 757 3223 άρᾷ.
791 3133 905 3218 διόπερ
918 3142 1064 3218 καταρά-

109 3259 163 3299 ται
177 3229 259 3298 καθ’
278 3231 419 3319 ἑκάστην
434 3236 611 3321 ἐκκλησίαν
627 3228 645 3299 ὁ
663 3239 768 3319 κη’ρνξ
779 3229 842 3299 οὐκ
853 3240 886 3298 εί
892 3257 980 3309 τινες
991 3235 1064 3317 έξηῤ

110 3331 325 3418 πατήθησαν,
345 3329 417 3399 ἀλλ’
431 3343 464 3401 εί
468 3359 516 3412 τις
527 3335 670 3419 ἐξαπατᾷ
680 3332 787 3415 λέγων
797 3323 820 3416 ἦ
829 3328 958 3416 βουλὴν
969 3324 991 3416 ἢ
1003 3333 1063 3417 δῆ-
1148 3418 1150 3422 ¹

68 3450 103 3504 98
112 3425 207 3516 μονῆ
218 3427 280 3516 την
290 3427 429 3515 ἡλιαίαν.
464 3431 507 3517 μὴ
521 3429 562 3518 δὴ
572 3427 673 3498 τοῦθ’
685 3427 766 3516 ὑμῖν
780 3432 853 3497 έάτε
870 3431 997 3515 λέγειν,
1019 3427 1064 3506 ὡς
