2370 3854
287 242 431 304 ΚΑΤΑ
450 243 630 305 ΛΝΔΡΟ
642 243 856 307 ΤΙΩΝΟΣ.
986 247 1047 311 125

92 421 167 473 σετε
183 405 248 491 γάρ
264 412 364 473 τοῦτο
381 401 418 472 τό
432 404 570 490 ίσχυρόν
587 399 672 488 ὑπὲρ
684 412 747 471 τοῦ
760 405 868 491 δήμου
880 413 1045 494 κείμενον.
1060 424 1111 483 597

92 503 184 590 οἶμαι
194 503 259 592 γάρ
271 500 314 572 άν
325 506 451 592 μηδένα
463 500 630 571 ἀντειπεῖν
641 499 687 582 ὡς
698 501 770 590 οὐχ,
788 502 852 572 ὅσα
862 504 995 574 πάποτε
1005 514 1046 594 τῇ

93 603 189 670 πόλει
199 601 336 689 γέγονεν
346 599 369 690 ή
380 611 446 671 νῦν
457 607 546 671 ἐστιν
556 597 671 688 ἀγαθά
682 597 704 690 ή
715 604 853 690 θάτερα,
873 608 929 672 ἵνα
944 604 1048 693 μηδὲν

93 712 176 770 είπω
189 711 354 790 φλαῦρον,
366 705 403 770 ἐκ
413 707 471 789 τῆς
480 708 549 770 τιῦν
558 702 704 788 τριήρων
713 698 754 768 τά
767 704 829 788 μὲν
839 703 1047 790 κτήσεως,τά

52 815 86 868 13
95 798 127 868 δ’
140 799 303 880 ἀπουσίας
312 804 460 888 γέγονεν.
484 795 556 868 οἷον
568 798 673 868 πολλά
684 800 745 886 μὲν
757 799 800 868 ἀν
806 827 854 880 τις
862 806 930 887 έχοι
940 805 1048 888 λέγειν

93 895 149 968 καὶ
171 900 294 969 παλαιά
316 901 372 970 καὶ
392 898 507 968 καινά·
537 897 559 965 ἀ
580 897 612 966 δ’
625 892 688 966 οὖν
709 906 792 967 πᾶσι
803 898 931 986 μάλιστ’
943 899 1047 970 ἀκοῦ-

94 1017 149 1065 σαι
159 998 431 1086 γυάριμα,·τοῦτο
443 997 516 1086 μὲν,
535 1004 565 1065 εί
573 999 751 1085 βούλεσθε,
763 1004 797 1068 οί
804 1000 845 1069 τά
856 1001 1048 1091 προπύλαια

93 1093 219 1164 καὶτὸν
229 1103 435 1183 παρθευῦνα
446 1097 724 1183 οἰκοδομήσαντες
737 1100 857 1167 ἐκείνοι
871 1103 931 1169 καὶ
944 1099 1047 1168 τάλλα

93 1190 159 1262 ἀπό
171 1194 431 1282 τῶνβαρβάρων
442 1192 514 1281 ίερά
525 1195 768 1284 κοσμήσαντες,
791 1196 841 1283 ἐφ’
852 1195 902 1278 οἷς
920 1208 1049 1285 φιλοτι·

92 1293 250 1379 μοῦμεθα
261 1296 381 1373 πάντες
390 1292 539 1378 εἰκότως,
562 1302 630 1361 ίστε
641 1293 751 1381 δήπου
761 1303 859 1363 τοῦτο
871 1295 956 1382 ἀκοή
962 1347 981 1385 ,
997 1296 1049 1364 ὅτι

91 1389 155 1478 τήν
166 1391 265 1460 πόλιν
283 1391 473 1469 ἐκλιπόντες
489 1392 545 1457 καί
562 1395 856 1470 κατακλεισθέντες
876 1397 1048 1470 είςΣαλα-

92 1503 183 1574 μίνα,
192 1492 228 1557 ἐκ
236 1488 445 1577 τοῦτριήρεις
456 1487 655 1575 ἐχεινπάντα
664 1487 726 1576 μὲν
736 1491 777 1558 τά
785 1494 927 1575 σφέτερα
935 1488 1049 1559 αὐτῶν

92 1589 149 1655 καὶ
160 1586 221 1675 τήν
233 1588 347 1676 πόλιν,
361 1597 402 1677 τῇ
411 1579 576 1678 ναυμαχίη
583 1589 795 1677 νικήσαντες,
813 1595 952 1678 ἔσωσαν,
964 1600 1049 1659 πολ-

92 1695 163 1757 λῦν
174 1689 209 1755 δὲ
221 1689 276 1757 καί
285 1687 438 1775 μεγάλων
448 1685 590 1774 ἀγαθάν
600 1701 668 1769 τοῖς
686 1686 798 1768 ἀλλοις
804 1685 940 1775 Ἕλλησι
950 1693 1048 1758 κατέ-

94 1785 220 1874 στησαν
230 1795 339 1873 αίτιοι,
349 1778 398 1855 τόν
412 1784 488 1854 οὐδ’
498 1783 710 1872 ὁηρόνοςτήν
722 1785 1047 1872 μυήμηνάφελέσθαι

48 1911 84 1963 14
95 1883 243 1953 δύναται.
266 1883 346 1952 εἶεν·
359 1883 428 1955 ἀλλ’
436 1888 547 1954 ἐκεῖνα
558 1884 620 1971 μέν
629 1882 748 1971 ἀρχαία
759 1887 814 1952 καὶ
824 1887 959 1953 παλαιά.
976 1883 1043 1954 ἀλλ’

92 1981 115 2052 ἀ
127 1984 246 2064 πάντες
256 1986 425 2073 ἑοράκατε,
439 1984 505 2054 ἴσθ’
519 1983 571 2052 ὅτι
582 1983 700 2070 πρώην
710 1981 902 2071 Εὐβοεῦσιν
912 1983 1047 2072 ήμερῦν

91 2092 195 2172 τριῦν
217 2085 423 2173 ἐβοηθήσατε
442 2088 497 2153 καὶ
517 2091 685 2170 Θηβαίους
711 2080 946 2162 ὑποσπόνδους
966 2083 1049 2150 ἀπε-

92 2186 251 2269 πέμψατε.
286 2176 336 2268 ἀρ’
350 2175 413 2252 οῦν
428 2181 522 2250 ταῦτ’
534 2177 683 2268 ἐπράξατ’
697 2177 741 2248 ἀν
758 2179 865 2269 οὕτως
883 2179 997 2265 ὀξέως,
1020 2187 1050 2249 εί

92 2280 137 2370 μή
149 2290 233 2362 ναῦς
245 2291 346 2365 είχετε
356 2277 472 2358 καινάς
487 2283 524 2346 ἐν
541 2277 591 2357 αἷς
601 2278 823 2365 ἐβοηθήσατες
848 2275 915 2346 ἀλλ’
930 2276 993 2344 οὐκ
1005 2274 1049 2345 ἀν

94 2384 276 2450 ἐδύνασθε.
308 2377 392 2446 ἀλλα
409 2377 512 2448 πολλὰ
525 2383 592 2464 ἐχοι
608 2404 657 2456 τις
668 2372 711 2444 ἀν
726 2382 831 2445 εἰπεῖν
854 2374 876 2444 ἀ
895 2383 935 2464 τῇ
955 2376 1050 2445 πόλει

93 2481 234 2567 μέμονεν
244 2482 281 2548 ἐκ
298 2487 361 2546 τοῦ
377 2478 498 2556 ταύτας
514 2476 782 2567 κατεσκευάσθαι
799 2483 907 2556 καλῶς
924 2474 1047 2561 ἀγαθά.

49 2592 84 2648 15
95 2578 177 2647 εἷεν·
200 2582 237 2648 ἐκ
248 2578 358 2664 δδὶτοῦ
368 2585 478 2656 κακῶς
486 2575 573 2646 πόσα
583 2576 678 2645 δεινά
685 2604 694 2658 ;
705 2573 746 2643 τά
757 2574 818 2662 μὲν
829 2571 934 2644 πολλά
945 2573 1047 2643 ἐάσω·

95 2674 163 2746 ἀλλ’
184 2679 236 2746 ἐπὶ
253 2686 316 2747 τοῦ
332 2676 536 2745 Δεκελεικοῦ
557 2679 705 2763 πολέμου
722 2682 803 2761 (τῶν
820 2671 886 2760 γάρ
903 2671 1049 2760 ἀρχαίων

95 2780 144 2861 ἓν,
156 2774 175 2842 δ
187 2776 309 2855 πάντες
320 2779 403 2863 ἐμοῦ
414 2784 541 2864 μᾶλλον
552 2780 741 2862 ἐπίστασθε,
753 2773 952 2861 ὑπομνήσω)
966 2781 1049 2842 πολ-

94 2877 232 2944 λῶνκαὶ
247 2881 368 2945 δεινῶν
387 2873 605 2963 ἀτυχημάτων
623 2874 824 2962 συμβάντων
841 2880 882 2960 τῇ
900 2873 995 2940 πόλει
1007 2870 1048 2939 οῦ

95 2975 262 3062 πρότερον
279 2983 327 3067 τῷ
338 2978 469 3066 πολέμῳ
489 2977 715 3062 παρέστησαν,
738 2977 817 3061 πρὶν
832 2971 869 3041 τὸ
888 2969 1048 3039 ναυτικόν
1156 3020 1161 3027 -

95 3074 209 3143 αὐτῶν
221 3073 380 3144 ἀπώλετο.
413 3074 468 3145 καὶ
484 3083 519 3144 τί
527 3080 580 3142 δεῖ
592 3071 633 3142 τά
644 3071 768 3141 παλαιά
779 3076 902 3157 λένεινς
924 3071 1108 3145 τόντε-598

96 3183 249 3243 λευταίου
260 3173 324 3261 γάρ
337 3184 416 3261 ίστε,
423 3171 485 3242 τόν
495 3171 579 3261 πρὸς
588 3176 881 3259 Λακεδαιμονίους,
890 3170 1047 3257 πόλεμον,

97 3272 153 3342 ὅτε
174 3273 236 3360 μὲν
256 3282 341 3353 ναῦς
362 3272 425 3342 οῦκ
454 3277 596 3343 ἐδοκεῖτε
618 3270 809 3339 ἀποστεῖλαι
829 3269 1047 3357 δυνήσεσθαι,

97 3381 167 3454 πῶς
189 3372 322 3442 διέκειθ’
347 3371 368 3460 ή
392 3373 496 3452 πόλις.
542 3382 611 3440 ίστε
632 3369 776 3457 ὀρόβους
797 3366 896 3448 όυτας
917 3367 1046 3447 ἀνίους.

97 3472 209 3561 ἐπειδὴ
226 3471 256 3542 δ’
278 3472 490 3542 ἀπεστείλατε
498 3477 517 3560 ,’
529 3471 663 3560 εἰρήνης
681 3470 809 3558 ἐτύχετε
827 3467 946 3548 ὁποίας
960 3465 1060 3541 τινός
