2370 3854
157 194 220 256 304
347 191 456 270 [XXVI.
479 191 822 255 ΔΗΜΟΣΘΕΝΟ
832 191 909 270 ΤΣῚ

118 367 151 422 16
245 349 297 421 Οό
312 349 376 438 γάρ
392 350 434 437 δή
446 376 534 429 τινες
544 346 641 436 ὑμῶν
652 347 758 428 οὕτως
768 354 919 438 ἔχουσιν,
932 346 976 430 ὡς
986 352 1118 440 προσή-

161 479 232 522 κειν
243 451 304 538 μὲν
315 447 415 518 ταῦθ’
433 447 539 528 οὕτως
550 455 635 534 ἔχειν
658 436 702 526 ὡς
716 445 782 534 ἐγω
802 451 903 536 λέγω,
931 448 985 518 διὰ
1001 449 1117 539 δὲτὴν

161 556 338 622 ἐπιείκειαν
352 547 414 634 τήν
425 545 700 633 Ἀριστογείτονος
717 547 772 614 καὶ
783 544 820 614 τό
836 549 998 636 χρήσιμον
1009 545 1118 619 αὐτόν

161 648 241 735 ὑμῖν
252 647 335 716 εἶναι
347 650 535 733 παροπτέον
547 672 578 712 τι
592 651 646 713 καὶ
659 655 918 732 παρανομοῦντα
929 645 1042 716 αὐτόν.
1064 646 1119 716 ότι

161 749 223 834 μὲν
233 744 298 832 γάρ
313 743 459 831 πονηρὸς
472 745 527 811 καὶ
543 742 604 812 τόν
619 745 746 830 τρόπον
760 750 877 824 δεινῶς
889 743 1020 832 άδικος,
1040 751 1117 815 ἱκα-

161 854 228 925 νάς
238 843 333 930 ὑμῖν,
349 840 393 923 ὡς
405 840 504 929 ἔγωγ’
521 841 627 929 οἶμαι,
645 847 680 912 έκ
700 852 769 911 τῶν
780 849 1028 932 προειρημένων
1042 853 1117 914 Λυ-

162 953 306 1030 κοῦργος
319 945 531 1026 ἐπιδέδειχεν·
566 938 618 1008 ότι
631 941 663 1008 δ’
680 940 759 1010 οὐδὲ
770 945 944 1030 χρήσιμος,
958 947 991 1024 έξ
1003 941 1117 1012 αὐτόν

121 1059 152 1113 17
162 1051 230 1110 τῶν
245 1040 495 1125 πολιτευμάτων
509 1037 553 1106 άν
566 1066 615 1118 τις
625 1037 730 1108 αὐτόν
739 1042 951 1129 θεωρήσειεν.
966 1051 1041 1112 τίνα
1051 1040 1118 1130 γάρ

164 1135 369 1228 παραγαγάν
384 1144 430 1217 είς
442 1136 479 1206 τό
493 1140 724 1226 δικαστήριον,
745 1132 794 1207 τόν
809 1146 965 1227 αἰτιᾶται,
986 1142 1118 1210 τούτων

163 1238 371 1326 κατηγόρηκε
383 1241 439 1307 καὶ
452 1233 554 1319 εἷλεν;
566 1234 589 1325 ή
601 1253 700 1309 ποῖον
710 1239 817 1325 πόρον
827 1236 907 1325 ὑμῖν
918 1240 1118 1325 πεπόρικενς

163 1335 229 1426 ήτί
236 1337 390 1425 ψήφισμα
403 1342 588 1425 γέγραφεν,
604 1329 632 1425 ᾦ
647 1340 839 1417 πεισθέντες
851 1334 944 1425 ὑμεῖς
959 1335 1001 1406 οὐ
1016 1337 1118 1406 πάλιν

164 1443 365 1524 μετανοῆσαι
380 1443 592 1520 προείλεσθε;
609 1437 739 1522 καὶγὰρ
758 1445 879 1503 ταῦτα·
904 1434 991 1504 οὕτω
1003 1437 1119 1516 σκαιός

163 1538 306 1603 ἐστικαὶ
324 1536 495 1622 βάρβαρος
514 1532 575 1603 τόν
592 1534 720 1617 τρόπον
740 1530 835 1621 ὥσθ’,
859 1533 941 1603 όταν
957 1530 1045 1619 ὑμᾶς
1063 1538 1119 1622 ίδη

164 1634 451 1718 παροργισθέντας
461 1659 493 1701 τι
510 1631 595 1716 πρός
605 1657 697 1711 τινας
707 1633 763 1700 καὶ
773 1641 901 1719 μάλλον
912 1640 972 1699 τοῦ
986 1635 1119 1712 δέοντος

165 1731 453 1818 παροξυνθέντας,
475 1738 655 1818 τηνικαῦτα
672 1727 761 1817 παρά
778 1729 841 1817 τήν
853 1728 959 1817 όργήν
971 1728 1067 1818 ὑμῶν
1078 1729 1119 1799 τά

125 1861 159 1915 13
167 1830 361 1916 βουλήματα
375 1831 489 1915 λαβάν
499 1843 567 1908 τοῖς
579 1843 706 1915 καιροῖς
715 1831 930 1897 ἐναντιοῦται.
947 1833 999 1896 δεῖ
1008 1829 1044 1897 δέ
1060 1829 1122 1898 τὸν

169 1927 431 2011 πολιτευόμενον
456 1925 540 2012 ὑπὲρ
562 1924 658 2013 ὑμῶν
679 1925 752 2013 οόχὶ
776 1942 844 2006 τοῖς
868 1930 1026 2015 ἐξαίφνης
1046 1925 1118 2015 μετ’

165 2023 267 2112 όργής
301 2024 447 2093 πάθεσιν
481 2021 562 2111 ὑμῖν
591 2033 837 2112 συμπίπτουσιν
864 2029 1120 2112 ἐπακολουθεῖν,

165 2122 248 2192 άλλά
262 2138 329 2204 τοῖς
339 2133 510 2212 λογισμοῖς
520 2125 576 2193 καὶ
590 2138 658 2205 τοῖς
670 2126 838 2212 πράγμασι
855 2127 910 2194 καὶ
927 2140 996 2204 τοῖς
1009 2122 1122 2212 όπάρ·

164 2245 261 2311 γουσι
272 2239 414 2313 καιροῖς·
436 2222 476 2292 τά
494 2224 555 2312 μέν
566 2224 630 2311 γάρ
647 2222 729 2312 ταχὺ
741 2231 952 2311 μεταπίπτειν
966 2232 1120 2308 εἴθισται,

164 2321 203 2391 τά
218 2325 254 2392 δέ
267 2327 435 2411 διαμένειν
449 2325 505 2393 καὶ
515 2331 617 2393 πλείω
625 2323 749 2411 χρόνον
762 2321 936 2410 ὑπάρχειν·
960 2314 1009 2390 τόν
1021 2314 1121 2402 οὗτος

166 2421 265 2488 οὐδὲν
284 2421 539 2508 ἐνθυμούμενος
559 2425 683 2507 ἐλέγχει
701 2417 741 2488 τά
758 2421 929 2507 άπόρρητα
950 2425 1007 2504 τής
1023 2428 1121 2486 πολι-

164 2525 268 2602 τείας,
292 2518 375 2586 άστε
387 2517 490 2585 ταύτά
505 2515 750 2604 άναγκάζεσθαι
764 2521 819 2586 καὶ
833 2517 931 2599 κόρια
947 2519 1001 2582 καὶ
1018 2516 1121 2584 πάλιν

166 2613 275 2702 άκυρα
290 2631 406 2685 ποιεῖν.
1130 2657 1181 2710 305

124 2752 157 2805 19
248 2712 334 2782 Ἀλλ’
348 2724 427 2791 ἴσως
437 2713 489 2781 ότι
504 2713 587 2800 πρός
598 2713 747 2792 ἅπαντας
765 2710 815 2780 άεὶ
829 2724 1033 2798 προαιρεῖται
1049 2720 1121 2780 λοι-

167 2815 339 2896 δορεῖσθαι
365 2813 419 2879 καὶ
442 2815 642 2898 διαβοάσθαι
664 2811 720 2879 καὶ
744 2817 934 2899 μέμφεσθαι
954 2808 995 2878 τά
1023 2812 1121 2898 λεγό·

165 2936 266 2999 μενα,
291 2909 346 2977 διά
371 2917 475 2978 ταῦτα
495 2917 706 2998 περιποιῆσαι
733 2920 799 2979 νῦν
819 2907 924 2979 αὐτόν
949 2907 1117 2996 ἁρμόττει·

166 3007 250 3078 άλλά
261 3009 365 3078 ταῦτά
381 3036 418 3095 γε
433 3006 550 3098 νήτην
562 3008 710 3099 Ἀθηνάν
724 3010 854 3090 ὄνειδός
871 3013 976 3098 ἐστιν,
1000 3008 1120 3097 ἄνδρες

167 3111 331 3195 δικασταὶ,
346 3107 387 3178 τά
403 3109 585 3198 γιγνόμενα
596 3118 636 3200 τῇ
649 3110 744 3181 πόλει
756 3113 807 3178 ἐπὶ
819 3119 880 3178 τοῦ
895 3110 1050 3196 βήματος,
1063 3109 1119 3177 καὶ

168 3208 222 3277 διά
243 3210 302 3288 τάς
321 3210 451 3278 τούτων
468 3209 628 3293 άπονοίας
646 3215 870 3281 ἐπονείδιστον
885 3208 949 3297 ήδη
969 3207 1007 3277 τό
1024 3216 1120 3277 πολι-

166 3307 324 3376 τεύεσθαι
343 3308 433 3396 παρά
451 3323 519 3390 τοῖς
534 3314 711 3381 ἐπιεικέσιν
727 3309 825 3398 όμοῖν
842 3312 941 3378 ἐστίν.
970 3311 1000 3374 εί
1014 3305 1043 3375 δ’
1056 3298 1120 3374 οὖν

168 3407 234 3472 τινὶ
245 3406 344 3474 τοῦθ’
359 3405 454 3493 ὑμῶν
467 3411 502 3476 έν
510 3405 616 3500 ἡδονή
628 3415 852 3499 συμβέβηκεν,
865 3407 926 3476 οὐκ
938 3403 1121 3492 ἀπορήσετε

188 3634 236 3646 *Ι-
