2370 3854
242 336 306 401 480
468 343 520 400 XL.
556 338 972 399 ΔΗΜΟΣΘΕΝΟΤΣ

243 497 421 578 διακόνους
435 496 515 578 τούς
531 506 593 566 τοῦ
608 495 732 580 πατρός
748 502 931 582 ἐξαιρέτους
953 503 1180 584 ἐποιησάμεθα

202 596 287 665 15ίν’
310 600 346 665 ἐκ
367 601 429 684 μὲν
449 606 507 685 τῆς
529 603 648 683 οἰκίας,
671 593 842 682 ὁποτέροις
864 592 907 664 άν
924 594 1019 683 ἡμῶν
1036 607 1179 685 φαίνητα

243 694 440 783 ὀφειλομένη
462 695 610 783 ἡπροίξ,
633 686 842 782 οὗτοιαάτην
863 704 1076 782 κομίσωνται,
1097 703 1133 766 ἐκ
1156 704 1185 765 δι

241 803 310 863 τάν
320 800 449 862 παίδων
459 803 584 863 κοινῶν
595 795 719 880 όντων,
733 796 792 862 ἐάν
801 822 832 862 τι
844 787 938 863 οὗτοι
948 805 1017 865 τάν
1027 795 1168 887 πατρῷα

242 896 422 978 ἐπιζητοῖσι,
435 893 685 977 πυνθάνωνται,
697 895 751 961 καί
762 901 991 981 βασανίζοντες
1001 893 1124 974 αὐτοὺς
1136 924 1178 963 κα

240 990 331 1079 άλλη]
350 989 414 1080 ότην
432 988 476 1059 άν
486 993 598 1080 τρόπῳ
610 991 798 1078 βούλωνται
809 998 991 1078 ζητοῦντες.
1027 993 1077 1063 ότι
1089 996 1125 1064 δέ
1136 1022 1178 1063 κα

240 1089 332 1155 ταῦτ’
347 1087 458 1175 άληθῆ
468 1095 569 1175 λέγω,
581 1093 616 1157 ἐκ
627 1090 756 1157 τούτων
767 1099 835 1158 τάν
846 1102 1037 1177 μαρτυριῶν
1048 1103 1180 1161 είσεσδε

584 1263 842 1326 MAPTYPIAI.

198 1405 231 1457 16
322 1385 419 1452 Μετά
446 1392 549 1452 ταῦτα
570 1394 685 1453 τοίνυν
708 1378 804 1454 οὗτοί
811 1384 842 1452 τ’
864 1389 936 1471 ἐμοὶ
957 1390 1050 1465 δίκας
1073 1394 1166 1473 ἐλαχο

238 1479 321 1568 ὑπὲρ
343 1475 391 1551 όν
411 1482 593 1552 ἐνεκάλουν
613 1482 705 1569 κάγά
723 1485 852 1563 τούτοις
868 1482 951 1568 ὑπὲρ
969 1494 1026 1572 τῆς
1043 1485 1179 1567 προικός

236 1582 291 1648 καὶ
311 1580 347 1649 τό
366 1583 428 1667 μὲν
445 1589 578 1665 πρῶτον
595 1581 890 1669 παραγραψάμενοι
908 1583 1051 1651 Σόλωνα
1066 1583 1185 1671 Ἐρχιέι

237 1678 405 1766 διαιτητὴν
421 1679 528 1768 τούτῳ
548 1684 769 1767 ἐπετρέψαμεν
786 1681 919 1749 δικάσαι
929 1685 1004 1769 περὶ
1015 1674 1063 1749 οἷν
1075 1687 1171 1749 ἐνεκα

235 1786 360 1862 λοῦμεν
372 1775 538 1863 άλλήλοις·
557 1776 599 1858 ὡς
611 1778 642 1845 δ’
657 1779 720 1848 οὐκ
731 1778 887 1867 ἀπήντων
899 1772 1002 1866 οὗτοι,
1015 1780 1088 1848 ἀλλ’
1103 1783 1146 1866 ἐφ

234 1881 393 1962 μοδίκουν
403 1879 459 1945 καὶ
468 1878 588 1964 χρόνος
598 1882 774 1966 διετρίβετο
786 1879 915 1965 συχνός,
927 1889 974 1969 τῷ
984 1879 1044 1964 μὲν
1054 1880 1185 1949 Σόλων

235 1980 358 2061 συνέβη
375 1985 567 2060 τελευτῆσαι
584 1977 644 2044 τὸν
656 1984 746 2062 βίον,
770 1968 863 2045 οὗτοι
874 1978 910 2045 δέ
920 1978 1022 2046 πάλιν
1032 1980 1065 2056 ἐξ
1077 1975 1168 2063 δπαρ

234 2081 292 2159 χῆς
303 2072 507 2158 λαγχάνουσί
516 2100 571 2159 μοι
583 2079 690 2160 δίκας,
713 2079 768 2143 καὶ
780 2075 843 2159 ἐγώ
855 2076 978 2164 τούτῳ,
1001 2085 1151 2160 προσκαλ

235 2172 377 2258 σάμευος
389 2169 492 2241 αὐτόν
502 2174 557 2240 καὶ
567 2172 830 2258 ἐπιγραψάμενος
841 2175 893 2241 ἐπί
904 2173 940 2239 τὸ
952 2178 1096 2260 ἔγκλημα
1107 2184 1168 2244 Βοι

192 2286 225 2341 17
235 2270 335 2339 οιτόν·
358 2279 455 2340 τοῦτο
473 2272 536 2357 γάρ
556 2270 644 2362 αὐτῷ
662 2270 680 2341 ὁ
698 2270 804 2358 πατὴρ
816 2278 911 2341 ἐθετο
922 2271 1078 2358 τοῦνομα.
1112 2299 1185 2358 περ

234 2370 295 2456 μὲν
307 2363 371 2438 οὖν
382 2362 430 2438 ὧν
441 2364 538 2440 οὗτοί
545 2399 601 2458 μοι
612 2372 809 2457 ἐδικάζοντο,
822 2371 986 2454 παρόντος
996 2371 1120 2437 τούτου
1130 2399 1175 2439 κα

234 2467 481 2549 ἀντιδικοῦντος
496 2474 551 2538 καὶ
561 2468 624 2538 οὐκ
635 2475 765 2555 ἔχοντος
775 2471 930 2548 ἐπιδεῖξαι
941 2467 1040 2536 οὐδὲν
1052 2460 1102 2535 τόν
1113 2472 1167 2537 ἐνε

232 2567 374 2654 κάλουυ,
388 2565 585 2656 ἀπεδιῄτησέ
592 2566 686 2654 μουὸ
699 2568 877 2655 διαιτητής·
899 2573 954 2635 καὶ
964 2558 1060 2646 οὗτος
1072 2587 1155 2636 συνε

233 2663 299 2743 δάς
317 2661 408 2752 αὑτῷ
425 2663 544 2745 α’δίκως
556 2669 750 2750 ἐγκαλοῦντι
761 2666 838 2733 οὔτε
849 2669 972 2752 ἐφῆκεν
985 2671 1030 2744 είς
1039 2662 1076 2733 τό
1090 2670 1184 2734 δικα·

232 2762 384 2850 στήριον,
396 2763 474 2831 οὔτε
484 2773 550 2831 νῦν
562 2766 636 2847 περὶ
647 2768 783 2833 ἐκείνων
794 2767 902 2850 εἴληχέ
910 2791 965 2849 μοι
978 2769 1074 2849 δίκην
1085 2764 1182 2833 οὐδε-

232 2867 328 2945 μίαν,
352 2858 436 2928 άλλά
453 2863 526 2945 περὶ
538 2861 779 2946 άλλωντινῶν,
802 2863 917 2930 λύσειν
926 2877 993 2940 τοῖς
1004 2863 1182 2949 ἐγκλήμασι

231 2958 360 3035 τούτοις
376 2956 438 3042 τὴν
454 2964 550 3042 δίκην
560 2960 685 3045 ταύτην
697 2961 856 3045 οίόμενος.
887 2959 930 3047 ἣν
941 2961 973 3029 δ’
986 2961 1048 3047 ἐμά
1061 2970 1183 3031 τοῦτον

230 3058 369 3124 ἐδίωκον
384 3056 460 3125 τότε
477 3059 551 3140 περὶ
567 3066 625 3145 τῆς
636 3056 788 3147 προικός,
811 3062 1050 3148 ἐπιδημοῦντος
1060 3062 1182 3129 τούτου

229 3155 353 3223 ἐνθάδε
364 3158 418 3223 καὶ
430 3153 492 3224 οὐκ
503 3153 753 3243 ἀπαντήσαντος
763 3156 845 3245 πρὸς
854 3156 915 3226 τόν
926 3156 1093 3244 διαιτητὴν
1104 3161 1165 3245 ἐρή

186 3280 294 3339 ιςμην
302 3257 536 3345 κατεδιῄτησεν
546 3255 659 3326 αὐτοῦ.
679 3256 793 3326 οὑτοσὶ
803 3256 841 3341 δ’,
853 3250 880 3323 ά
889 3257 1008 3342 ἄνδρες
1018 3259 1179 3341 δικασταὶ,

17 3362 27 3410 l
227 3348 305 3418 οὔτε
320 3349 480 3439 ἠντιδίκει
496 3355 569 3422 τότε
585 3353 701 3440 παρεόν
713 3353 786 3423 οάτῗ
798 3360 860 3440 ἐφη
872 3382 913 3442 με
924 3355 1181 3441 καταδιαιτήσα-

226 3459 308 3517 σθαι
329 3449 391 3536 τὴν
412 3455 509 3537 δίκην
531 3450 650 3521 αὑτοῦ·
673 3453 715 3522 οὐ
736 3453 799 3538 γάρ
822 3452 905 3520 εἶναι
920 3453 1069 3524 Βοιωτόν
1085 3453 1181 3546 αὐτῷ

225 3545 346 3633 όυομα,
358 3548 442 3618 άλλά
453 3558 668 3636 Μαντίθεον,
680 3555 734 3619 καὶ
745 3551 851 3630 οὕτως
863 3551 998 3639 ὀνόματι
1009 3552 1182 3641 άμφισβη-
