2370 3854
346 233 487 293 ΚΑΤΑ
517 233 764 338 ΜΕΙέλΙΟΤ.
968 233 1028 296 105

81 393 226 476 τούτων,
239 383 287 458 ὧν
297 388 315 459 ὁ
327 392 389 477 μὲν
399 382 450 458 οἷν
467 385 554 458 εἷλεν
567 389 729 476 ἀποστάς,
748 389 765 458 ὁ
778 392 814 461 δὲ
824 395 880 462 καὶ
891 393 1028 481 θανάτῳ

83 491 256 576 ζημιωθεὶς
268 496 437 574 φαίνεται,
455 495 569 579 πολλῳλ
586 488 739 572 δεινότερ’
755 483 793 558 εὑ
803 488 868 558 οἶδ’
881 491 933 558 ὅτι
943 492 1031 559 πάν-

83 613 134 665 τες
145 581 188 654 άν
201 587 285 654 εἶναι
297 588 440 672 φήσειαν
450 585 491 653 τά
500 592 627 675 Μειδίηι
638 592 866 675 πεπραγμένα·
878 590 955 658 οὔτε
965 588 1030 676 γάρ

83 686 265 771 πομπεύων
283 682 361 753 ούτε
378 689 475 770 δίκην
492 682 622 772 ᾑρηκώς
640 683 718 753 ούτε
729 687 945 771 παρεδρεύων
956 685 1029 755 οὔτ’

83 782 187 870 άλλην
199 791 323 868 σκῆψιν
333 779 493 868 οὐδεμίαν
504 787 599 869 ἔχων,
607 784 696 870 πλήν
706 782 816 871 ὑβριν,
824 793 961 852 τοιαῦτα
973 809 1032 852 πε-

85 887 223 967 ποίηκεν
245 875 299 948 οἷα
320 878 429 960 οὐδεὶς
449 884 595 949 ἐκείνων.
629 886 684 949 καὶ
700 883 840 960 τούτους
855 883 917 968 μὲν
934 883 1030 950 ἐάσω.

37 996 68 1047 82
86 978 171 1046 άλλά
183 979 334 1065 Πύρρον,
343 971 372 1047 οδ
382 978 500 1067 άνδρες
509 978 688 1067 Ἀθηναῖοι,
696 978 757 1049 τὸν
765 979 1032 1068 Ἐτεοβουτάδην,

85 1080 297 1170 ἐνδειχθέντα
309 1077 452 1159 δικάζειν
464 1074 640 1164 ὀφείλοντα
650 1085 695 1169 τῷ
708 1083 871 1168 δημοσίῳ,
893 1078 1032 1165 θανάτῳ

86 1181 248 1262 ζημιῶσαί
265 1202 352 1255 τινες
372 1174 471 1263 ὑμῶν
497 1174 602 1266 ᾤοντο
630 1182 765 1262 χρῆναι,
792 1178 848 1244 καὶ
869 1178 1032 1262 τέθνηκεν

85 1273 187 1353 άλοὺς
198 1274 270 1361 παρ’
285 1274 379 1360 ὑμῖν·
399 1279 506 1342 καίτοι
516 1282 614 1341 τοῦτο
621 1271 661 1340 τδ
667 1281 777 1359 λῆμμα
785 1271 824 1340 δι’
838 1277 978 1358 ἔνδειαν,
991 1271 1032 1340 οὑ

87 1371 125 1438 δι’
139 1372 240 1458 ὑβριν
251 1371 434 1459 λαμβάνειν
444 1373 652 1455 ἐπεχείρησεν
663 1372 794 1446 ἐκεῖνος.
824 1372 878 1444 καὶ
889 1373 1033 1448 πολλοὺς

86 1467 129 1536 άν
141 1473 272 1556 ἑτέρους
283 1477 387 1555 ἔχοιμι
396 1470 515 1553 λέγειν,
527 1460 576 1536 ὦν
586 1473 621 1535 οί
628 1466 689 1554 μὲν
699 1472 912 1550 τεθνᾶσιν,οί
921 1466 950 1535 δ’
961 1465 1034 1554 ήτι-

87 1572 234 1650 μωμένοι
252 1564 307 1633 διά
324 1573 438 1654 πολλῷ
457 1565 586 1634 τούτων
609 1567 692 1633 είσὶν
708 1563 829 1650 ἐλάττω
846 1565 1031 1652 πράγματα.

87 1662 181 1748 ὑμεῖς
193 1661 237 1749 δ’,
250 1655 409 1748 άάνδρες
415 1661 600 1749 Ἀθηναῖοι,
623 1669 759 1752 Σμίκρῳ
772 1667 852 1732 δέκα
862 1664 1033 1731 ταλάντων

86 1761 257 1849 ἐτιμήσατε
267 1766 323 1831 καὶ
333 1771 481 1831 Σκίτωνι
490 1763 662 1831 τοσούτων
673 1764 804 1848 ἑτέρων,
825 1762 957 1840 δόξαντι
967 1786 1033 1829 πα-

86 1862 216 1948 ράνομα
235 1861 379 1948 γράφειν
385 1913 395 1947 ,
418 1864 473 1930 καί
495 1862 573 1930 οὑτε
595 1865 709 1929 παιδία
726 1859 803 1928 ούτε
820 1865 939 1945 φίλους
955 1860 1042 1928 οὔτε.

86 1972 256 2043 συγγενεῖς
266 1957 340 2027 οὔθ’
350 1957 671 2047 ὁντινοῦνήλεήσατε
682 1966 750 2027 τάν
760 1958 937 2044 παρόντων
948 1961 1033 2026 ἑκεί-

41 2082 164 2136 ςςνοις.
194 2056 240 2143 μή
250 2064 382 2144 τοίνυν,
405 2056 465 2125 ἐάν
474 2059 536 2145 μὲν
553 2068 628 2146 είπη
644 2085 693 2136 τις
709 2057 902 2143 παράνομα,
926 2055 1033 2134 οὑτως

86 2154 291 2241 ὀργιζόμενοι
301 2161 481 2242 φαίνεσθε,
503 2155 561 2224 ἐάν
578 2157 722 2242 δὲποιή,
744 2153 787 2240 μή
802 2156 897 2240 λέγῃ,
920 2153 1033 2239 πράως

86 2253 265 2321 διάκεισθε.
297 2252 397 2320 οὐδὲν
416 2251 480 2337 γάρ
504 2257 592 2340 ῥῆμα
613 2251 689 2320 οὐδ’
712 2249 818 2334 ὄνομα
841 2249 946 2326 οὑτως
966 2251 1033 2314 ἐστὶ

85 2364 154 2427 τοῖς
166 2358 301 2427 πολλοῖς
316 2347 413 2434 ὑμῶν
427 2349 590 2435 χαλεπὸν,
615 2347 658 2426 ὥς
676 2346 739 2416 ὅσα
757 2343 901 2432 ὑβριζων
912 2371 960 2422 τις
973 2343 1034 2411 τὸν

88 2446 266 2531 ἐντυχόντα
276 2443 374 2532 ὑμῶν
386 2446 625 2531 διαπράττεται.
657 2442 701 2530 μή
719 2448 834 2511 τοίνυν
851 2439 946 2509 αὑτοὶ
957 2439 1031 2508 καθ’

88 2541 184 2628 ὑμῶν
201 2542 314 2611 αὑτοῖν
332 2547 448 2629 δεῖγμα
463 2552 617 2612 τοιοῦτον
638 2544 842 2627 ἐξενέγκητε,
866 2531 894 2607 ’ὑ
914 2539 1035 2627 ἄνδρες

85 2639 265 2727 Ἀθηναῖοι,
288 2639 332 2721 ὡς
354 2641 420 2726 άρα
440 2641 544 2728 ὑμεῖς,
566 2637 610 2710 άν
630 2640 691 2728 μὲν
711 2648 780 2708 των
801 2646 943 2725 μετρίων
959 2639 1034 2706 τινά

87 2741 143 2806 καὶ
161 2744 349 2825 δημοτικῶν
364 2741 485 2827 λάβητε
500 2739 617 2810 ὁτιοῦν
634 2737 831 2824 άδικοῦντα,
856 2735 923 2805 οὔτ’
941 2737 1035 2822 ε’λεή-

89 2857 161 2904 σετε
173 2835 245 2904 οὔτ’
260 2835 417 2925 ιἰφήσετε,
435 2835 505 2907 ἀλλ’
516 2836 724 2906 άποκτενεῖτε
734 2832 758 2923 ή
769 2833 958 2922 άτιμιύσετε,
975 2833 1094 2906 §dvm

88 2937 124 2999 δὲ
137 2933 295 3013 πλούσιος
306 2935 356 3003 άν
365 2962 413 3014 τις
428 2933 554 3024 ὑβρίζη,
572 2935 774 3021 συγγνώμην
790 2935 885 3014 ἕξετε.
917 2930 962 3017 μή
974 2936 1036 3017 δή·

87 3056 140 3096 τα·
160 3027 202 3097 οὑ
217 3030 282 3117 γάρ
300 3037 444 3102 δίκαιον·
468 3032 600 3102 ἄλλ’έπὶ
618 3035 752 3102 πάντων
769 3029 889 3117 ὁμοίως
906 3026 1034 3114 ὀργιζό-

87 3153 181 3213 μενοι
193 3135 363 3213 φαίνεσθε.

37 3249 78 3302 ,84
164 3224 203 3292 “A
214 3232 329 3294 τοίνυν
339 3226 478 3309 οὐδενὸς
489 3236 557 3297 τῶν
569 3235 750 3316 είρημίνων
760 3219 860 3312 ήττον
871 3221 1031 3310 άναγκαῐ-

86 3349 127 3389 ον
139 3323 223 3390 εἶναι
234 3329 353 3409 νομίζω
367 3325 449 3412 πρὸς
459 3323 546 3412 ὑμεῖς
556 3331 670 3411 εἰπεῖν,
687 3319 781 3391 ταῦτ’
795 3320 898 3389 είποδν
913 3326 959 3389 ἔτι
976 3325 1031 3390 καί

85 3427 208 3507 βραχέα
226 3423 301 3504 περὶ
318 3416 448 3490 τούτων
464 3425 646 3508 διαλεχθεὶς
664 3421 898 3509 καταβήσομαι.
930 3425 1029 3500 ἔστιν,
