<?xml version="1.0" encoding="UTF-8"?>
<!DOCTYPE html PUBLIC "-//W3C//DTD XHTML 1.0 Transitional//EN"
    "http://www.w3.org/TR/xhtml1/DTD/xhtml1-transitional.dtd">
<html xmlns="http://www.w3.org/1999/xhtml" xml:lang="en" lang="en">
 <head>
  <title>
</title>
<meta http-equiv="Content-Type" content="text/html;charset=utf-8" />
  <meta name='ocr-system' content='tesseract 3.04.00' />
  <meta name='ocr-capabilities' content='ocr_page ocr_carea ocr_par ocr_line ocrx_word'/>
</head>
<body>
  <div class='ocr_page' id='page_1' title='image "./orationesexrece01demogoog_0333.png"; bbox 0 0 2370 3854; ppageno 0'>
   <div class='ocr_carea' id='block_1_1' title="bbox 120 195 868 262">
    <p class='ocr_par' dir='ltr' id='par_1_1' title="bbox 120 195 868 262">
     <span class='ocr_line' id='line_1_1' title="bbox 120 195 868 262; baseline -0.004 0"><span class='ocrx_word' id='word_1_1' title='bbox 120 195 184 262; x_wconf 79' lang='lat'><strong><em>334</em></strong></span> <span class='ocrx_word' id='word_1_2' title='bbox 320 200 414 260; x_wconf 84' lang='lat' dir='ltr'>XXIX.</span> <span class='ocrx_word' id='word_1_3' title='bbox 452 196 868 260; x_wconf 73' lang='grc' dir='ltr'><em>ΔΗΜΟΣΘΕΝΟῬΣ</em></span> 
     </span>
    </p>
   </div>
   <div class='ocr_carea' id='block_1_2' title="bbox 77 349 1120 1623">
    <p class='ocr_par' dir='ltr' id='par_1_2' title="bbox 77 349 1120 1623">
     <span class='ocr_line' id='line_1_2' title="bbox 121 349 1072 446; baseline 0 -19"><span class='ocrx_word' id='word_1_4' title='bbox 121 364 323 438; x_wconf 75' lang='grc' dir='ltr'><strong><em>σκοποῦντες</em></strong></span> <span class='ocrx_word' id='word_1_5' title='bbox 351 358 406 422; x_wconf 81' lang='grc' dir='ltr'><strong><em>καὶ</em></strong></span> <span class='ocrx_word' id='word_1_6' title='bbox 426 355 528 423; x_wconf 87' lang='grc' dir='ltr'><strong><em>τάλλα</em></strong></span> <span class='ocrx_word' id='word_1_7' title='bbox 549 359 769 441; x_wconf 74' lang='grc' dir='ltr'><strong><em>μνησθέντες,</em></strong></span> <span class='ocrx_word' id='word_1_8' title='bbox 797 349 821 444; x_wconf 77' lang='grc' dir='ltr'><em>ᾗ</em></span> <span class='ocrx_word' id='word_1_9' title='bbox 842 357 971 427; x_wconf 90' lang='grc' dir='ltr'><strong><em>δίκαιόν</em></strong></span> <span class='ocrx_word' id='word_1_10' title='bbox 991 362 1072 446; x_wconf 86' lang='grc' dir='ltr'><strong><em>ἐστι,</em></strong></span> 
     </span>
     <span class='ocr_line' id='line_1_3' title="bbox 121 453 1074 544; baseline -0.002 -19"><span class='ocrx_word' id='word_1_11' title='bbox 121 456 223 544; x_wconf 87' lang='grc' dir='ltr'><strong><em>ταῦτη</em></strong></span> <span class='ocrx_word' id='word_1_12' title='bbox 235 459 491 541; x_wconf 80' lang='grc' dir='ltr'><strong><em>διαψηφίσασθε.</em></strong></span> <span class='ocrx_word' id='word_1_13' title='bbox 522 460 645 532; x_wconf 81' lang='grc' dir='ltr'><strong><em>πίστεις</em></strong></span> <span class='ocrx_word' id='word_1_14' title='bbox 662 453 691 521; x_wconf 85' lang='grc' dir='ltr'><strong><em>δ’</em></strong></span> <span class='ocrx_word' id='word_1_15' title='bbox 707 453 796 541; x_wconf 77' lang='grc' dir='ltr'><strong><em>ἔχεθ’</em></strong></span> <span class='ocrx_word' id='word_1_16' title='bbox 810 455 928 536; x_wconf 87' lang='grc' dir='ltr'><strong><em>ίκανάς</em></strong></span> <span class='ocrx_word' id='word_1_17' title='bbox 938 461 974 525; x_wconf 82' lang='grc' dir='ltr'><strong><em>ἐκ</em></strong></span> <span class='ocrx_word' id='word_1_18' title='bbox 984 484 1074 542; x_wconf 89' lang='grc' dir='ltr'><strong><em>μαρ-</em></strong></span> 
     </span>
     <span class='ocr_line' id='line_1_4' title="bbox 120 546 1120 640; baseline -0.002 -17"><span class='ocrx_word' id='word_1_19' title='bbox 120 555 248 639; x_wconf 82' lang='grc' dir='ltr'><strong><em>τύρων,</em></strong></span> <span class='ocrx_word' id='word_1_20' title='bbox 260 558 296 623; x_wconf 87' lang='grc' dir='ltr'><strong><em>έκ</em></strong></span> <span class='ocrx_word' id='word_1_21' title='bbox 307 560 507 640; x_wconf 78' lang='grc' dir='ltr'><strong><em>τεκμηρίων,</em></strong></span> <span class='ocrx_word' id='word_1_22' title='bbox 518 554 554 620; x_wconf 77' lang='grc' dir='ltr'><strong><em>ἐκ</em></strong></span> <span class='ocrx_word' id='word_1_23' title='bbox 565 559 633 619; x_wconf 84' lang='grc' dir='ltr'><strong><em>τῦν</em></strong></span> <span class='ocrx_word' id='word_1_24' title='bbox 644 553 790 638; x_wconf 83' lang='grc' dir='ltr'><strong><em>εἰκότων,</em></strong></span> <span class='ocrx_word' id='word_1_25' title='bbox 801 557 834 635; x_wconf 82' lang='grc' dir='ltr'><strong><em>ἐξ</em></strong></span> <span class='ocrx_word' id='word_1_26' title='bbox 846 546 895 623; x_wconf 71' lang='grc' dir='ltr'><strong><em>οῦν</em></strong></span> <span class='ocrx_word' id='word_1_27' title='bbox 904 546 998 621; x_wconf 83' lang='grc' dir='ltr'><strong><em>οῦτοι</em></strong></span> <span class='ocrx_word' id='word_1_28' title='bbox 1009 563 1072 622; x_wconf 91' lang='grc' dir='ltr'><strong><em>λα-</em></strong></span> <span class='ocrx_word' id='word_1_29' title='bbox 1080 562 1120 621; x_wconf 65' lang='lat'><strong><em>04</em></strong></span> 
     </span>
     <span class='ocr_line' id='line_1_5' title="bbox 120 648 1071 741; baseline 0 -21"><span class='ocrx_word' id='word_1_30' title='bbox 120 661 192 741; x_wconf 77' lang='grc' dir='ltr'><strong><em>βείυ</em></strong></span> <span class='ocrx_word' id='word_1_31' title='bbox 217 649 463 738; x_wconf 88' lang='grc' dir='ltr'><strong><em>ὁμολογοῦντες</em></strong></span> <span class='ocrx_word' id='word_1_32' title='bbox 492 648 604 736; x_wconf 88' lang='grc' dir='ltr'><strong><em>ἀθρόα</em></strong></span> <span class='ocrx_word' id='word_1_33' title='bbox 633 648 720 735; x_wconf 84' lang='grc' dir='ltr'><strong><em>τάμὰ</em></strong></span> <span class='ocrx_word' id='word_1_34' title='bbox 743 650 838 718; x_wconf 86' lang='grc' dir='ltr'><strong><em>ταῦτ’</em></strong></span> <span class='ocrx_word' id='word_1_35' title='bbox 864 649 1071 738; x_wconf 79' lang='grc' dir='ltr'><strong><em>ἀνηλωκέναι</em></strong></span> 
     </span>
     <span class='ocr_line' id='line_1_6' title="bbox 77 742 1073 839; baseline -0.001 -20"><span class='ocrx_word' id='word_1_36' title='bbox 77 775 112 828; x_wconf 73' lang='lat'><strong><em>24</em></strong></span> <span class='ocrx_word' id='word_1_37' title='bbox 122 757 223 837; x_wconf 83' lang='grc' dir='ltr'><strong><em>φασὶν</em></strong></span> <span class='ocrx_word' id='word_1_38' title='bbox 234 751 296 822; x_wconf 87' lang='grc' dir='ltr'><strong><em>οῦκ</em></strong></span> <span class='ocrx_word' id='word_1_39' title='bbox 309 751 530 839; x_wconf 84' lang='grc' dir='ltr'><strong><em>ἀνηλωκότες,</em></strong></span> <span class='ocrx_word' id='word_1_40' title='bbox 549 746 622 817; x_wconf 86' lang='grc' dir='ltr'><strong><em>ἀλλ’</em></strong></span> <span class='ocrx_word' id='word_1_41' title='bbox 634 748 728 817; x_wconf 84' lang='grc' dir='ltr'><strong><em>αῦτοὶ</em></strong></span> <span class='ocrx_word' id='word_1_42' title='bbox 739 747 837 818; x_wconf 86' lang='grc' dir='ltr'><strong><em>πάντ’</em></strong></span> <span class='ocrx_word' id='word_1_43' title='bbox 851 755 986 836; x_wconf 82' lang='grc' dir='ltr'><strong><em>ἔχοντες.</em></strong></span> <span class='ocrx_word' id='word_1_44' title='bbox 1022 742 1073 818; x_wconf 68' lang='grc' dir='ltr'><strong><em>νῦν</em></strong></span> 
     </span>
     <span class='ocr_line' id='line_1_7' title="bbox 121 846 1070 940; baseline -0.003 -20"><span class='ocrx_word' id='word_1_45' title='bbox 121 855 394 940; x_wconf 74' lang='grc' dir='ltr'><strong><em>ἐνθυμουμένους</em></strong></span> <span class='ocrx_word' id='word_1_46' title='bbox 411 848 472 936; x_wconf 74' lang='grc' dir='ltr'><strong><em>χρὴ</em></strong></span> <span class='ocrx_word' id='word_1_47' title='bbox 491 847 699 934; x_wconf 82' lang='grc' dir='ltr'><strong><em>ποιήσασθαί</em></strong></span> <span class='ocrx_word' id='word_1_48' title='bbox 705 875 779 916; x_wconf 92' lang='grc' dir='ltr'><strong><em>τινα</em></strong></span> <span class='ocrx_word' id='word_1_49' title='bbox 790 846 885 934; x_wconf 74' lang='grc' dir='ltr'><strong><em>ἡμῶν</em></strong></span> <span class='ocrx_word' id='word_1_50' title='bbox 896 847 1070 933; x_wconf 87' lang='grc' dir='ltr'><strong><em>πρόνοιαν,</em></strong></span> 
     </span>
     <span class='ocr_line' id='line_1_8' title="bbox 120 943 1072 1033; baseline -0.002 -18"><span class='ocrx_word' id='word_1_51' title='bbox 120 950 248 1028; x_wconf 88' lang='grc' dir='ltr'><strong><em>είδότας</em></strong></span> <span class='ocrx_word' id='word_1_52' title='bbox 265 948 316 1017; x_wconf 84' lang='grc' dir='ltr'><strong><em>ὅτι</em></strong></span> <span class='ocrx_word' id='word_1_53' title='bbox 332 946 397 1033; x_wconf 74' lang='grc' dir='ltr'><strong><em>ἐγώ</em></strong></span> <span class='ocrx_word' id='word_1_54' title='bbox 413 950 475 1032; x_wconf 76' lang='grc' dir='ltr'><strong><em>μὲν</em></strong></span> <span class='ocrx_word' id='word_1_55' title='bbox 493 943 663 1031; x_wconf 89' lang='grc' dir='ltr'><strong><em>τάμαυτοῦ</em></strong></span> <span class='ocrx_word' id='word_1_56' title='bbox 680 943 725 1012; x_wconf 86' lang='grc' dir='ltr'><strong><em>δι’</em></strong></span> <span class='ocrx_word' id='word_1_57' title='bbox 744 943 840 1031; x_wconf 76' lang='grc' dir='ltr'><strong><em>ὑμῶν</em></strong></span> <span class='ocrx_word' id='word_1_58' title='bbox 851 946 1072 1032; x_wconf 76' lang='grc' dir='ltr'><strong><em>κομισάμενος</em></strong></span> 
     </span>
     <span class='ocr_line' id='line_1_9' title="bbox 121 1041 1072 1131; baseline -0.002 -19"><span class='ocrx_word' id='word_1_59' title='bbox 121 1047 254 1125; x_wconf 78' lang='grc' dir='ltr'><strong><em>εἰκότως</em></strong></span> <span class='ocrx_word' id='word_1_60' title='bbox 265 1055 467 1131; x_wconf 74' lang='grc' dir='ltr'><strong><em>λειτουργεῖν</em></strong></span> <span class='ocrx_word' id='word_1_61' title='bbox 478 1043 643 1131; x_wconf 79' lang='grc' dir='ltr'><strong><em>ἐθελήσω,</em></strong></span> <span class='ocrx_word' id='word_1_62' title='bbox 655 1044 787 1130; x_wconf 87' lang='grc' dir='ltr'><strong><em>χάριτας</em></strong></span> <span class='ocrx_word' id='word_1_63' title='bbox 797 1041 942 1129; x_wconf 89' lang='grc' dir='ltr'><strong><em>όφείλων</em></strong></span> <span class='ocrx_word' id='word_1_64' title='bbox 952 1041 1004 1110; x_wconf 83' lang='grc' dir='ltr'><strong><em>ὅτι</em></strong></span> <span class='ocrx_word' id='word_1_65' title='bbox 1014 1069 1072 1129; x_wconf 90' lang='grc' dir='ltr'><strong><em>μοι</em></strong></span> 
     </span>
     <span class='ocr_line' id='line_1_10' title="bbox 121 1133 1072 1229; baseline -0.002 -19"><span class='ocrx_word' id='word_1_66' title='bbox 121 1148 253 1222; x_wconf 91' lang='grc' dir='ltr'><strong><em>δικαίως</em></strong></span> <span class='ocrx_word' id='word_1_67' title='bbox 262 1142 399 1211; x_wconf 76' lang='grc' dir='ltr'><strong><em>ἀπέδοτε</em></strong></span> <span class='ocrx_word' id='word_1_68' title='bbox 408 1139 469 1229; x_wconf 78' lang='grc' dir='ltr'><strong><em>τήν</em></strong></span> <span class='ocrx_word' id='word_1_69' title='bbox 481 1140 614 1225; x_wconf 88' lang='grc' dir='ltr'><strong><em>οῦσίαυ,</em></strong></span> <span class='ocrx_word' id='word_1_70' title='bbox 626 1133 724 1220; x_wconf 78' lang='grc' dir='ltr'><strong><em>οὗτος</em></strong></span> <span class='ocrx_word' id='word_1_71' title='bbox 734 1139 777 1224; x_wconf 86' lang='grc' dir='ltr'><strong><em>δ’,</em></strong></span> <span class='ocrx_word' id='word_1_72' title='bbox 790 1139 849 1208; x_wconf 89' lang='grc' dir='ltr'><strong><em>έάυ</em></strong></span> <span class='ocrx_word' id='word_1_73' title='bbox 859 1139 963 1209; x_wconf 86' lang='grc' dir='ltr'><strong><em>αῦτδν</em></strong></span> <span class='ocrx_word' id='word_1_74' title='bbox 973 1143 1072 1228; x_wconf 81' lang='grc' dir='ltr'><strong><em>ποιή-</em></strong></span> 
     </span>
     <span class='ocr_line' id='line_1_11' title="bbox 120 1237 1069 1328; baseline 0 -21"><span class='ocrx_word' id='word_1_75' title='bbox 120 1262 197 1325; x_wconf 88' lang='grc' dir='ltr'><strong><em>σητε</em></strong></span> <span class='ocrx_word' id='word_1_76' title='bbox 213 1248 281 1309; x_wconf 82' lang='grc' dir='ltr'><strong><em>τῦν</em></strong></span> <span class='ocrx_word' id='word_1_77' title='bbox 300 1245 388 1328; x_wconf 81' lang='grc' dir='ltr'><strong><em>ἐμῶν</em></strong></span> <span class='ocrx_word' id='word_1_78' title='bbox 406 1242 542 1327; x_wconf 85' lang='grc' dir='ltr'><strong><em>κόριον,</em></strong></span> <span class='ocrx_word' id='word_1_79' title='bbox 564 1239 664 1309; x_wconf 71' lang='grc' dir='ltr'><strong><em>οῦδὲν</em></strong></span> <span class='ocrx_word' id='word_1_80' title='bbox 681 1239 812 1327; x_wconf 81' lang='grc' dir='ltr'><strong><em>ποιήσει</em></strong></span> <span class='ocrx_word' id='word_1_81' title='bbox 829 1249 991 1308; x_wconf 85' lang='grc' dir='ltr'><strong><em>τοιοῦτον.</em></strong></span> <span class='ocrx_word' id='word_1_82' title='bbox 1023 1237 1069 1325; x_wconf 79' lang='grc' dir='ltr'><strong><em>μὴ</em></strong></span> 
     </span>
     <span class='ocr_line' id='line_1_12' title="bbox 118 1331 1069 1425; baseline 0.001 -22"><span class='ocrx_word' id='word_1_83' title='bbox 118 1335 182 1423; x_wconf 86' lang='grc' dir='ltr'><strong><em>γάρ</em></strong></span> <span class='ocrx_word' id='word_1_84' title='bbox 201 1349 314 1407; x_wconf 87' lang='grc' dir='ltr'><strong><em>οίεσθε</em></strong></span> <span class='ocrx_word' id='word_1_85' title='bbox 331 1336 448 1424; x_wconf 85' lang='grc' dir='ltr'><strong><em>αῦτάυ,</em></strong></span> <span class='ocrx_word' id='word_1_86' title='bbox 471 1337 554 1424; x_wconf 82' lang='grc' dir='ltr'><strong><em>ὑπὲρ</em></strong></span> <span class='ocrx_word' id='word_1_87' title='bbox 568 1331 616 1406; x_wconf 68' lang='grc' dir='ltr'><strong><em>οῦν</em></strong></span> <span class='ocrx_word' id='word_1_88' title='bbox 626 1337 765 1425; x_wconf 76' lang='grc' dir='ltr'><strong><em>ἤρνηται</em></strong></span> <span class='ocrx_word' id='word_1_89' title='bbox 775 1336 820 1425; x_wconf 79' lang='grc' dir='ltr'><strong><em>μὴ</em></strong></span> <span class='ocrx_word' id='word_1_90' title='bbox 832 1345 961 1425; x_wconf 74' lang='grc' dir='ltr'><strong><em>λαβεῖν,</em></strong></span> <span class='ocrx_word' id='word_1_91' title='bbox 983 1335 1069 1422; x_wconf 74' lang='grc' dir='ltr'><strong><em>ὑπὲρ</em></strong></span> 
     </span>
     <span class='ocr_line' id='line_1_13' title="bbox 119 1434 1070 1525; baseline 0.002 -23"><span class='ocrx_word' id='word_1_92' title='bbox 119 1435 249 1505; x_wconf 81' lang='grc' dir='ltr'><strong><em>τοῦτον</em></strong></span> <span class='ocrx_word' id='word_1_93' title='bbox 266 1434 346 1524; x_wconf 81' lang='grc' dir='ltr'><strong><em>ῦμῑν</em></strong></span> <span class='ocrx_word' id='word_1_94' title='bbox 364 1444 565 1522; x_wconf 81' lang='grc' dir='ltr'><strong><em>λειτουργεῖν</em></strong></span> <span class='ocrx_word' id='word_1_95' title='bbox 576 1437 765 1523; x_wconf 80' lang='grc' dir='ltr'><strong><em>ἐθελήσειν,</em></strong></span> <span class='ocrx_word' id='word_1_96' title='bbox 787 1434 860 1504; x_wconf 89' lang='grc' dir='ltr'><strong><em>ἀλλ’</em></strong></span> <span class='ocrx_word' id='word_1_97' title='bbox 874 1435 1070 1525; x_wconf 81' lang='grc' dir='ltr'><strong><em>ἀποκρύψε-</em></strong></span> 
     </span>
     <span class='ocr_line' id='line_1_14' title="bbox 120 1533 948 1623; baseline 0.004 -24"><span class='ocrx_word' id='word_1_98' title='bbox 120 1543 201 1600; x_wconf 87' lang='grc' dir='ltr'><strong><em>σθαι</em></strong></span> <span class='ocrx_word' id='word_1_99' title='bbox 212 1542 355 1620; x_wconf 82' lang='grc' dir='ltr'><strong><em>μοῖλλον,</em></strong></span> <span class='ocrx_word' id='word_1_100' title='bbox 366 1539 422 1602; x_wconf 83' lang='grc' dir='ltr'><strong><em>ἵνα</em></strong></span> <span class='ocrx_word' id='word_1_101' title='bbox 433 1539 564 1613; x_wconf 77' lang='grc' dir='ltr'><strong><em>δικαίως</em></strong></span> <span class='ocrx_word' id='word_1_102' title='bbox 576 1533 845 1622; x_wconf 76' lang='grc' dir='ltr'><strong><em>ἀποπεφευγέναι</em></strong></span> <span class='ocrx_word' id='word_1_103' title='bbox 856 1539 948 1623; x_wconf 78' lang='grc' dir='ltr'><strong><em>δοκῇ.</em></strong></span> 
     </span>
    </p>
   </div>
   <div class='ocr_carea' id='block_1_3' title="bbox 544 1830 640 1886">
    <p class='ocr_par' dir='ltr' id='par_1_3' title="bbox 544 1830 640 1886">
     <span class='ocr_line' id='line_1_15' title="bbox 544 1830 640 1886; baseline 0 -1"><span class='ocrx_word' id='word_1_104' title='bbox 544 1830 640 1886; x_wconf 82' lang='grc' dir='ltr'>ΧΧΙΧ.</span> 
     </span>
    </p>
   </div>
   <div class='ocr_carea' id='block_1_4' title="bbox 171 1978 1014 2075">
    <p class='ocr_par' dir='ltr' id='par_1_4' title="bbox 171 1978 1014 2075">
     <span class='ocr_line' id='line_1_16' title="bbox 171 1978 1014 2075; baseline 0.008 -32"><span class='ocrx_word' id='word_1_105' title='bbox 171 1978 306 2075; x_wconf 85' lang='grc' dir='ltr'><strong><em>ΠΡΟΣ</em></strong></span> <span class='ocrx_word' id='word_1_106' title='bbox 328 1979 529 2045; x_wconf 85' lang='grc' dir='ltr'><em>ΑΦΟΒΟΝ</em></span> <span class='ocrx_word' id='word_1_107' title='bbox 563 1980 1014 2050; x_wconf 73' lang='grc' dir='ltr'><em>ΨΕΥΔΟΜΑΡΤΥΡΙΩΝ</em></span> 
     </span>
    </p>
   </div>
   <div class='ocr_carea' id='block_1_5' title="bbox 480 2125 701 2184">
    <p class='ocr_par' dir='ltr' id='par_1_5' title="bbox 480 2125 701 2184">
     <span class='ocr_line' id='line_1_17' title="bbox 480 2125 701 2184; baseline 0.005 -3"><span class='ocrx_word' id='word_1_108' title='bbox 480 2125 701 2184; x_wconf 74' lang='grc' dir='ltr'><em>ΥΠΟΘΕΣΙΣ.</em></span> 
     </span>
    </p>
   </div>
   <div class='ocr_carea' id='block_1_6' title="bbox 114 2235 1120 3326">
    <p class='ocr_par' dir='ltr' id='par_1_6' title="bbox 114 2235 1120 3326">
     <span class='ocr_line' id='line_1_18' title="bbox 118 2235 1066 2335; baseline 0.003 -28"><span class='ocrx_word' id='word_1_109' title='bbox 118 2235 313 2329; x_wconf 82' lang='grc' dir='ltr'><strong><em>Κρινόμενος</em></strong></span> <span class='ocrx_word' id='word_1_110' title='bbox 329 2252 380 2327; x_wconf 77' lang='grc' dir='ltr'><strong><em>τῆς</em></strong></span> <span class='ocrx_word' id='word_1_111' title='bbox 397 2248 553 2331; x_wconf 81' lang='grc' dir='ltr'><strong><em>ἐπιτροπῆς</em></strong></span> <span class='ocrx_word' id='word_1_112' title='bbox 560 2247 690 2332; x_wconf 83' lang='grc' dir='ltr'><strong><em>’Ἀφοβος</em></strong></span> <span class='ocrx_word' id='word_1_113' title='bbox 708 2245 798 2335; x_wconf 65' lang='grc' dir='ltr'><strong><em>ἐξῄτει</em></strong></span> <span class='ocrx_word' id='word_1_114' title='bbox 816 2245 898 2331; x_wconf 82' lang='grc' dir='ltr'><strong><em>παρά</em></strong></span> <span class='ocrx_word' id='word_1_115' title='bbox 910 2249 1066 2330; x_wconf 85' lang='grc' dir='ltr'><strong><em>Δημοσθέ-</em></strong></span> 
     </span>
     <span class='ocr_line' id='line_1_19' title="bbox 117 2327 1067 2437; baseline 0.003 -46"><span class='ocrx_word' id='word_1_116' title='bbox 117 2330 323 2404; x_wconf 89' lang='grc' dir='ltr'><strong><em>νουςΜιλῦαν</em></strong></span> <span class='ocrx_word' id='word_1_117' title='bbox 339 2334 379 2405; x_wconf 89' lang='grc' dir='ltr'><strong><em>εἰς</em></strong></span> <span class='ocrx_word' id='word_1_118' title='bbox 396 2328 543 2412; x_wconf 87' lang='grc' dir='ltr'><strong><em>βάσανον,</em></strong></span> <span class='ocrx_word' id='word_1_119' title='bbox 565 2328 649 2407; x_wconf 80' lang='grc' dir='ltr'><strong><em>είδάς</em></strong></span> <span class='ocrx_word' id='word_1_120' title='bbox 667 2327 702 2397; x_wconf 86' lang='grc' dir='ltr'><strong><em>οῦ</em></strong></span> <span class='ocrx_word' id='word_1_121' title='bbox 720 2328 929 2437; x_wconf 80' lang='grc' dir='ltr'><strong><em>δοθησόμενον.</em></strong></span> <span class='ocrx_word' id='word_1_122' title='bbox 963 2327 1067 2416; x_wconf 84' lang='grc' dir='ltr'><strong><em>οῦγάρ</em></strong></span> 
     </span>
     <span class='ocr_line' id='line_1_20' title="bbox 118 2409 1067 2498; baseline 0.005 -25"><span class='ocrx_word' id='word_1_123' title='bbox 118 2413 216 2474; x_wconf 78' lang='grc' dir='ltr'><strong><em>ἐδίδου</em></strong></span> <span class='ocrx_word' id='word_1_124' title='bbox 234 2415 444 2494; x_wconf 84' lang='grc' dir='ltr'><strong><em>Δημοσθένης,</em></strong></span> <span class='ocrx_word' id='word_1_125' title='bbox 465 2411 591 2494; x_wconf 80' lang='grc' dir='ltr'><strong><em>φάσκων</em></strong></span> <span class='ocrx_word' id='word_1_126' title='bbox 607 2410 803 2497; x_wconf 81' lang='grc' dir='ltr'><strong><em>οῦκοίκέτην,</em></strong></span> <span class='ocrx_word' id='word_1_127' title='bbox 825 2409 891 2479; x_wconf 90' lang='grc' dir='ltr'><strong><em>αλλ’</em></strong></span> <span class='ocrx_word' id='word_1_128' title='bbox 911 2410 1067 2498; x_wconf 87' lang='grc' dir='ltr'><strong><em>ἐλεόθερον</em></strong></span> 
     </span>
     <span class='ocr_line' id='line_1_21' title="bbox 118 2487 1065 2583; baseline 0.008 -28"><span class='ocrx_word' id='word_1_129' title='bbox 118 2492 193 2556; x_wconf 77' lang='grc' dir='ltr'><strong><em>εἶναι</em></strong></span> <span class='ocrx_word' id='word_1_130' title='bbox 203 2487 255 2556; x_wconf 83' lang='grc' dir='ltr'><strong><em>τόν</em></strong></span> <span class='ocrx_word' id='word_1_131' title='bbox 265 2492 409 2575; x_wconf 86' lang='grc' dir='ltr'><strong><em>Μιλῦαν,</em></strong></span> <span class='ocrx_word' id='word_1_132' title='bbox 429 2499 666 2582; x_wconf 76' lang='grc' dir='ltr'><strong><em>ἐλευθερωθέντα</em></strong></span> <span class='ocrx_word' id='word_1_133' title='bbox 676 2493 797 2563; x_wconf 80' lang='grc' dir='ltr'><strong><em>ἀπὸτοῦ</em></strong></span> <span class='ocrx_word' id='word_1_134' title='bbox 807 2492 931 2583; x_wconf 75' lang='grc' dir='ltr'><strong><em>πατρὸς,</em></strong></span> <span class='ocrx_word' id='word_1_135' title='bbox 950 2495 998 2563; x_wconf 71' lang='grc' dir='ltr'><strong><em>ὅτε</em></strong></span> <span class='ocrx_word' id='word_1_136' title='bbox 1008 2499 1065 2562; x_wconf 82' lang='grc' dir='ltr'><strong><em>ἐτε-</em></strong></span> 
     </span>
     <span class='ocr_line' id='line_1_22' title="bbox 117 2573 1067 2667; baseline 0.006 -29"><span class='ocrx_word' id='word_1_137' title='bbox 117 2573 218 2655; x_wconf 86' lang='grc' dir='ltr'><strong><em>λεῦτα,</em></strong></span> <span class='ocrx_word' id='word_1_138' title='bbox 237 2579 288 2640; x_wconf 82' lang='grc' dir='ltr'><strong><em>καὶ</em></strong></span> <span class='ocrx_word' id='word_1_139' title='bbox 305 2581 345 2654; x_wconf 86' lang='grc' dir='ltr'><strong><em>είς</em></strong></span> <span class='ocrx_word' id='word_1_140' title='bbox 355 2579 459 2644; x_wconf 86' lang='grc' dir='ltr'><strong><em>τοῦτον</em></strong></span> <span class='ocrx_word' id='word_1_141' title='bbox 469 2584 568 2644; x_wconf 88' lang='grc' dir='ltr'><strong><em>πίστιν</em></strong></span> <span class='ocrx_word' id='word_1_142' title='bbox 578 2578 653 2646; x_wconf 84' lang='grc' dir='ltr'><strong><em>ἀλλα</em></strong></span> <span class='ocrx_word' id='word_1_143' title='bbox 663 2607 693 2646; x_wconf 86' lang='grc' dir='ltr'><strong><em>τε</em></strong></span> <span class='ocrx_word' id='word_1_144' title='bbox 702 2579 896 2667; x_wconf 86' lang='grc' dir='ltr'><strong><em>παρεχόμενος</em></strong></span> <span class='ocrx_word' id='word_1_145' title='bbox 907 2582 957 2645; x_wconf 79' lang='grc' dir='ltr'><strong><em>καί</em></strong></span> <span class='ocrx_word' id='word_1_146' title='bbox 968 2577 1006 2664; x_wconf 78' lang='grc' dir='ltr'><strong><em>δὴ</em></strong></span> <span class='ocrx_word' id='word_1_147' title='bbox 1016 2584 1067 2645; x_wconf 78' lang='grc' dir='ltr'><strong><em>καλ</em></strong></span> 
     </span>
     <span class='ocr_line' id='line_1_23' title="bbox 116 2659 1065 2749; baseline 0.006 -27"><span class='ocrx_word' id='word_1_148' title='bbox 116 2663 280 2743; x_wconf 90' lang='grc' dir='ltr'><strong><em>μαρτυρίαν</em></strong></span> <span class='ocrx_word' id='word_1_149' title='bbox 294 2659 415 2743; x_wconf 89' lang='grc' dir='ltr'><strong><em>Φάνου,</em></strong></span> <span class='ocrx_word' id='word_1_150' title='bbox 432 2660 471 2738; x_wconf 80' lang='grc' dir='ltr'><strong><em>ῦς</em></strong></span> <span class='ocrx_word' id='word_1_151' title='bbox 482 2664 661 2748; x_wconf 76' lang='grc' dir='ltr'><strong><em>ἐμαρτύρησε</em></strong></span> <span class='ocrx_word' id='word_1_152' title='bbox 671 2660 743 2749; x_wconf 78' lang='grc' dir='ltr'><strong><em>πρὸς</em></strong></span> <span class='ocrx_word' id='word_1_153' title='bbox 753 2662 821 2740; x_wconf 84' lang='grc' dir='ltr'><strong><em>τοῦς</em></strong></span> <span class='ocrx_word' id='word_1_154' title='bbox 833 2659 986 2745; x_wconf 87' lang='grc' dir='ltr'><strong><em>δικαστάς,</em></strong></span> <span class='ocrx_word' id='word_1_155' title='bbox 1006 2662 1065 2746; x_wconf 79' lang='grc' dir='ltr'><strong><em>φά-</em></strong></span> 
     </span>
     <span class='ocr_line' id='line_1_24' title="bbox 116 2743 1064 2849; baseline 0.006 -44"><span class='ocrx_word' id='word_1_156' title='bbox 116 2763 197 2805; x_wconf 90' lang='grc' dir='ltr'><strong><em>σκων</em></strong></span> <span class='ocrx_word' id='word_1_157' title='bbox 208 2743 425 2827; x_wconf 79' lang='grc' dir='ltr'><strong><em>ὡμολογηκέναι</em></strong></span> <span class='ocrx_word' id='word_1_158' title='bbox 433 2745 568 2849; x_wconf 71' lang='grc' dir='ltr'><strong><em>’Ἀροβον</em></strong></span> <span class='ocrx_word' id='word_1_159' title='bbox 579 2751 626 2811; x_wconf 81' lang='grc' dir='ltr'><strong><em>ἐπὶ</em></strong></span> <span class='ocrx_word' id='word_1_160' title='bbox 634 2755 686 2811; x_wconf 86' lang='grc' dir='ltr'><strong><em>τοῦ</em></strong></span> <span class='ocrx_word' id='word_1_161' title='bbox 698 2752 847 2830; x_wconf 84' lang='grc' dir='ltr'><strong><em>διαιτητοῦ</em></strong></span> <span class='ocrx_word' id='word_1_162' title='bbox 858 2745 1015 2833; x_wconf 85' lang='grc' dir='ltr'><strong><em>έλεῦθερον</em></strong></span> <span class='ocrx_word' id='word_1_163' title='bbox 1024 2744 1064 2812; x_wconf 80' lang='grc' dir='ltr'><strong><em>εἶ-</em></strong></span> 
     </span>
     <span class='ocr_line' id='line_1_25' title="bbox 115 2822 1095 2916; baseline 0.005 -28"><span class='ocrx_word' id='word_1_164' title='bbox 115 2849 166 2888; x_wconf 90' lang='grc' dir='ltr'><strong><em>ναι</em></strong></span> <span class='ocrx_word' id='word_1_165' title='bbox 176 2823 310 2889; x_wconf 86' lang='grc' dir='ltr'><strong><em>Μιλῦαν.</em></strong></span> <span class='ocrx_word' id='word_1_166' title='bbox 344 2822 433 2902; x_wconf 82' lang='grc' dir='ltr'><strong><em>ἀλοῦς</em></strong></span> <span class='ocrx_word' id='word_1_167' title='bbox 451 2833 488 2909; x_wconf 92' lang='grc' dir='ltr'><strong><em>δη</em></strong></span> <span class='ocrx_word' id='word_1_168' title='bbox 497 2835 548 2909; x_wconf 78' lang='grc' dir='ltr'><strong><em>τῆς</em></strong></span> <span class='ocrx_word' id='word_1_169' title='bbox 560 2829 846 2915; x_wconf 75' lang='grc' dir='ltr'><strong><em>ἐπιτροπῆςἍφοβος</em></strong></span> <span class='ocrx_word' id='word_1_170' title='bbox 857 2837 1066 2916; x_wconf 87' lang='grc' dir='ltr'><strong><em>ψευδομαρτυ-</em></strong></span> <span class='ocrx_word' id='word_1_171' title='bbox 1091 2908 1095 2914; x_wconf 20' lang='grc' dir='ltr'><strong><em>ι</em></strong></span> 
     </span>
     <span class='ocr_line' id='line_1_26' title="bbox 116 2904 1064 2998; baseline 0.005 -27"><span class='ocrx_word' id='word_1_172' title='bbox 116 2914 189 2991; x_wconf 85' lang='grc' dir='ltr'><strong><em>ριῦν</em></strong></span> <span class='ocrx_word' id='word_1_173' title='bbox 204 2905 296 2996; x_wconf 73' lang='grc' dir='ltr'><strong><em>Φάνῳ</em></strong></span> <span class='ocrx_word' id='word_1_174' title='bbox 309 2907 464 2991; x_wconf 82' lang='grc' dir='ltr'><strong><em>δικάζεται,</em></strong></span> <span class='ocrx_word' id='word_1_175' title='bbox 477 2907 551 2994; x_wconf 73' lang='grc' dir='ltr'><strong><em>ὑπὲρ</em></strong></span> <span class='ocrx_word' id='word_1_176' title='bbox 563 2904 598 2976; x_wconf 85' lang='grc' dir='ltr'><strong><em>οῦ</em></strong></span> <span class='ocrx_word' id='word_1_177' title='bbox 609 2920 712 2978; x_wconf 87' lang='grc' dir='ltr'><strong><em>τοῦτον</em></strong></span> <span class='ocrx_word' id='word_1_178' title='bbox 721 2909 772 2978; x_wconf 81' lang='grc' dir='ltr'><strong><em>τὸν</em></strong></span> <span class='ocrx_word' id='word_1_179' title='bbox 783 2911 895 2998; x_wconf 84' lang='grc' dir='ltr'><strong><em>λόγονὸ</em></strong></span> <span class='ocrx_word' id='word_1_180' title='bbox 908 2915 1064 2998; x_wconf 85' lang='grc' dir='ltr'><strong><em>Δημοσθέ-</em></strong></span> 
     </span>
     <span class='ocr_line' id='line_1_27' title="bbox 115 2989 1066 3083; baseline 0.004 -28"><span class='ocrx_word' id='word_1_181' title='bbox 115 3017 168 3073; x_wconf 91' lang='grc' dir='ltr'><strong><em>νης</em></strong></span> <span class='ocrx_word' id='word_1_182' title='bbox 184 2994 274 3076; x_wconf 81' lang='grc' dir='ltr'><strong><em>λέγει,</em></strong></span> <span class='ocrx_word' id='word_1_183' title='bbox 292 2996 344 3058; x_wconf 81' lang='grc' dir='ltr'><strong><em>καί</em></strong></span> <span class='ocrx_word' id='word_1_184' title='bbox 360 2989 478 3076; x_wconf 81' lang='grc' dir='ltr'><strong><em>τάληθῆ</em></strong></span> <span class='ocrx_word' id='word_1_185' title='bbox 496 2994 621 3076; x_wconf 83' lang='grc' dir='ltr'><strong><em>φάσκων</em></strong></span> <span class='ocrx_word' id='word_1_186' title='bbox 631 2991 722 3061; x_wconf 84' lang='grc' dir='ltr'><strong><em>αῦτάν</em></strong></span> <span class='ocrx_word' id='word_1_187' title='bbox 732 3000 997 3083; x_wconf 82' lang='grc' dir='ltr'><strong><em>μεμαρτυρηκέναι,</em></strong></span> <span class='ocrx_word' id='word_1_188' title='bbox 1014 2998 1066 3060; x_wconf 75' lang='grc' dir='ltr'><strong><em>καί</em></strong></span> 
     </span>
     <span class='ocr_line' id='line_1_28' title="bbox 114 3070 1120 3191; baseline 0.005 -52"><span class='ocrx_word' id='word_1_189' title='bbox 114 3070 188 3159; x_wconf 83' lang='grc' dir='ltr'><strong><em>πρὸς</em></strong></span> <span class='ocrx_word' id='word_1_190' title='bbox 197 3073 291 3164; x_wconf 75' lang='grc' dir='ltr'><strong><em>τούτῳ</em></strong></span> <span class='ocrx_word' id='word_1_191' title='bbox 303 3071 419 3152; x_wconf 84' lang='grc' dir='ltr'><strong><em>δεικυῦς</em></strong></span> <span class='ocrx_word' id='word_1_192' title='bbox 431 3074 470 3154; x_wconf 83' lang='grc' dir='ltr'><strong><em>ἀς</em></strong></span> <span class='ocrx_word' id='word_1_193' title='bbox 481 3074 568 3145; x_wconf 74' lang='grc' dir='ltr'><strong><em>οῦδὲν</em></strong></span> <span class='ocrx_word' id='word_1_194' title='bbox 585 3083 618 3144; x_wconf 90' lang='grc' dir='ltr'><strong><em>ἐκ</em></strong></span> <span class='ocrx_word' id='word_1_195' title='bbox 628 3079 734 3162; x_wconf 77' lang='grc' dir='ltr'><strong><em>ταύτης</em></strong></span> <span class='ocrx_word' id='word_1_196' title='bbox 746 3089 797 3166; x_wconf 76' lang='grc' dir='ltr'><strong><em>τῆς</em></strong></span> <span class='ocrx_word' id='word_1_197' title='bbox 808 3077 1064 3191; x_wconf 69' lang='grc' dir='ltr'><strong><em>μαρτυρίαςἍφο-</em></strong></span> <span class='ocrx_word' id='word_1_198' title='bbox 1074 3092 1120 3146; x_wconf 66' lang='lat'><strong><em>844</em></strong></span> 
     </span>
     <span class='ocr_line' id='line_1_29' title="bbox 114 3155 1067 3250; baseline 0.012 -31"><span class='ocrx_word' id='word_1_199' title='bbox 114 3162 167 3238; x_wconf 85' lang='grc' dir='ltr'><strong><em>βος</em></strong></span> <span class='ocrx_word' id='word_1_200' title='bbox 179 3156 303 3243; x_wconf 80' lang='grc' dir='ltr'><strong><em>ἐβλάβη,</em></strong></span> <span class='ocrx_word' id='word_1_201' title='bbox 315 3155 390 3225; x_wconf 89' lang='grc' dir='ltr'><strong><em>ἀλλά</em></strong></span> <span class='ocrx_word' id='word_1_202' title='bbox 401 3156 443 3224; x_wconf 88' lang='grc' dir='ltr'><strong><em>δι’</em></strong></span> <span class='ocrx_word' id='word_1_203' title='bbox 457 3164 570 3247; x_wconf 72' lang='grc' dir='ltr'><strong><em>ἐτέρους</em></strong></span> <span class='ocrx_word' id='word_1_204' title='bbox 581 3162 642 3247; x_wconf 72' lang='grc' dir='ltr'><strong><em>ἥλω</em></strong></span> <span class='ocrx_word' id='word_1_205' title='bbox 651 3162 816 3250; x_wconf 87' lang='grc' dir='ltr'><strong><em>μάρτυρας,</em></strong></span> <span class='ocrx_word' id='word_1_206' title='bbox 829 3161 871 3240; x_wconf 83' lang='grc' dir='ltr'><strong><em>οἷς</em></strong></span> <span class='ocrx_word' id='word_1_207' title='bbox 882 3189 938 3229; x_wconf 87' lang='grc' dir='ltr'><strong><em>ουκ</em></strong></span> <span class='ocrx_word' id='word_1_208' title='bbox 947 3166 1067 3246; x_wconf 80' lang='grc' dir='ltr'><strong><em>ἐπισκη-</em></strong></span> 
     </span>
     <span class='ocr_line' id='line_1_30' title="bbox 115 3237 603 3326; baseline 0.012 -24"><span class='ocrx_word' id='word_1_209' title='bbox 115 3237 248 3322; x_wconf 85' lang='grc' dir='ltr'><strong><em>ψάμενος</em></strong></span> <span class='ocrx_word' id='word_1_210' title='bbox 259 3241 346 3322; x_wconf 80' lang='grc' dir='ltr'><strong><em>δῆλός</em></strong></span> <span class='ocrx_word' id='word_1_211' title='bbox 357 3247 435 3308; x_wconf 82' lang='grc' dir='ltr'><strong><em>ἐστιν</em></strong></span> <span class='ocrx_word' id='word_1_212' title='bbox 446 3239 603 3326; x_wconf 74' lang='grc' dir='ltr'><strong><em>ἠδικηκώς.</em></strong></span> 
     </span>
    </p>
   </div>
   <div class='ocr_carea' id='block_1_7' title="bbox 200 3384 1063 3479">
    <p class='ocr_par' dir='ltr' id='par_1_7' title="bbox 200 3384 1063 3479">
     <span class='ocr_line' id='line_1_31' title="bbox 200 3384 1063 3479; baseline 0.034 -34"><span class='ocrx_word' id='word_1_213' title='bbox 200 3387 241 3446; x_wconf 70' lang='lat' dir='ltr'><strong><em>Ee</em></strong></span> <span class='ocrx_word' id='word_1_214' title='bbox 257 3384 300 3467; x_wconf 83' lang='grc' dir='ltr'><strong><em>μὴ</em></strong></span> <span class='ocrx_word' id='word_1_215' title='bbox 318 3384 484 3473; x_wconf 87' lang='grc' dir='ltr'><strong><em>πρότερόν</em></strong></span> <span class='ocrx_word' id='word_1_216' title='bbox 497 3413 556 3470; x_wconf 86' lang='grc' dir='ltr'><strong><em>μοι</em></strong></span> <span class='ocrx_word' id='word_1_217' title='bbox 570 3393 662 3476; x_wconf 89' lang='grc' dir='ltr'><strong><em>δίκης</em></strong></span> <span class='ocrx_word' id='word_1_218' title='bbox 681 3394 858 3479; x_wconf 79' lang='grc' dir='ltr'><strong><em>γενομένης</em></strong></span> <span class='ocrx_word' id='word_1_219' title='bbox 873 3389 1063 3477; x_wconf 69' lang='grc' dir='ltr'><strong><em>πρόε”Ᾰφο“</em></strong></span> 
     </span>
    </p>
   </div>
   <div class='ocr_carea' id='block_1_8' title="bbox 0 0 1190 3854">
    <p class='ocr_par' dir='ltr' id='par_1_8' title="bbox 0 0 1190 3854">
     <span class='ocr_line' id='line_1_32' title="bbox 0 0 1190 3854; baseline 0 2"><span class='ocrx_word' id='word_1_220' title='bbox 0 0 1190 3854; x_wconf 95' lang='lat' dir='ltr'><strong><em> </em></strong></span> 
     </span>
    </p>
   </div>
  </div>
 </body>
</html>
