2370 3854
345 223 490 284 ΚΑΤΑ
519 223 764 285 MEIAIOY.
969 225 1030 288 109

80 408 155 451 πων
165 385 218 452 ἐπὶ
229 389 290 470 μὲν
307 392 370 452 τού
385 383 642 470 βίουτοσαύτης
659 379 887 470 ὑπερηφανίας
903 385 1032 473 πλήρης

81 479 130 549 τόν
147 482 283 550 πάντων
301 479 494 565 ἀνθρώπων
513 486 581 549 ἔσει
602 480 850 568 φανερώτατος,
873 481 956 552 ὥστε
975 489 1031 552 καὶ

81 579 164 666 πρός
183 579 241 660 οὓς
260 584 366 668 μηδέν
382 583 453 648 ἐστί
461 599 515 648 σοι
531 588 683 666 πρᾶγμα,
705 588 885 647 λυπεῖσθαι
896 579 957 666 τήν
967 581 1031 668 σήν

81 680 277 765 θρασύτητα
288 681 344 746 καί
355 677 474 765 φωνὴν
485 681 540 747 καλ
550 677 587 747 τό
600 678 664 746 σόν
674 685 782 764 σχήμα
798 678 941 758 καὶτοὺς
952 679 1033 759 σούς

81 776 294 857 οἷκολούθους
305 780 361 845 καὶ
371 780 583 846 πλούτονκαλ
594 775 694 863 ύβριν
705 783 932 862 θεωροῦντας,
949 780 986 844 ἐν
997 778 1032 844 δὲ

33 900 72 954 ,96
82 884 128 966 τῷ
139 884 317 962 κρίνεσθαι
326 883 525 963 παραχρῆμα
541 877 730 962 ἐλεηθήσει;
752 876 900 962 μεγάλην
911 871 1035 962 μέντᾶν

82 971 199 1060 ἀρχήν,
218 975 395 1060 μᾶλλονδὲ
407 977 606 1062 τίχνηνείης
617 970 661 1042 όίν
672 972 838 1060 εύρηκως,
861 981 892 1042 εί
902 975 964 1042 δύο
975 973 1034 1041 τό·

81 1074 286 1141 ναντιεότατα
297 1075 425 1153 ἑαυτοῖς
437 1077 474 1143 ἐν
490 1072 577 1142 οὕτω
596 1081 714 1160 βραχεῖ
725 1073 833 1164 χρόνῳ
844 1076 920 1161 περὶ
931 1093 1033 1140 σεαυ-

81 1171 142 1238 τόν
160 1173 278 1239 δύναιο
294 1183 478 1258 ποιεῖσθαι,
502 1173 638 1258 φθόνον
654 1175 686 1252 ἐξ
698 1164 748 1239 οἷν
765 1176 835 1260 ζής,
856 1176 910 1239 καὶ
921 1171 971 1257 ἐφ’
984 1167 1032 1251 οἷς

81 1273 243 1358 ἐξαπατᾷς
253 1275 355 1338 ἐλεον.
389 1269 451 1339 ούκ
470 1276 559 1338 ἔστιν
574 1269 769 1357 οὐδαμόθεν
783 1291 836 1338 σοι
853 1272 1032 1358 προσήκων

82 1373 172 1447 ἔλεος
183 1367 263 1437 οὐδὲ
273 1365 348 1437 καθ’
362 1373 410 1453 ἓν,
427 1368 511 1436 ἀλλὰ
521 1367 718 1437 τούναντίον
728 1382 821 1455 μῖσος
836 1372 892 1436 καὶ
902 1369 1033 1453 φθόνος

83 1466 140 1532 καὶ
151 1465 234 1553 ὀργή
246 1491 253 1505 ·
276 1465 405 1535 τούτων
414 1465 479 1552 γὰρ
491 1465 566 1548 ἄξια
576 1481 688 1546 ποιεῖς.
722 1464 791 1535 ἀλλ’
800 1463 847 1535 ἐπ’
856 1471 961 1535 ἐκεῖνο
973 1469 1033 1533 ἐπ-

85 1564 214 1652 άνειμι,
228 1561 281 1632 ότι
298 1572 360 1633 τού
371 1565 480 1653 δήμου
489 1564 707 1652 κατηγορήσει
717 1567 839 1649 καλτής
848 1565 1029 1648 ἐκκλησίας.
1040 1574 1092 1630 578

33 1672 76 1728 ’,97
86 1660 169 1728 όταν
186 1655 365 1731 οὖντοῦτο
381 1672 476 1753 ποιῇ,
498 1668 702 1749 ἐνθυμεῖσθε
723 1661 797 1748 παρ’
814 1659 894 1749 ὑμῖν
909 1663 1031 1747 αὐτοῖς,

85 1759 206 1848 ἄνδρες
216 1766 382 1848 δικασταί,
399 1762 452 1832 ότι
464 1755 563 1842 οὗτος
572 1772 641 1831 τοῖν
656 1761 730 1848 μεθ’
741 1766 862 1830 ἑαυτοῦ
873 1783 1033 1849 στρατευ-

85 1863 394 1948 σαμένωνίππέων,
418 1859 473 1930 ὅτε
484 1867 530 1940 είς
541 1861 715 1930 Ὄλυνθον
726 1865 899 1948 διέβησαν,
921 1859 1033 1928 ἐλθόν

85 1955 168 2042 πρός
185 1953 272 2042 ὑμεῖς
287 1964 333 2036 είς
348 1957 411 2046 τήν
427 1962 606 2047 ἐκκλησίαν
626 1961 812 2047 κατηγόρει.
845 1959 947 2028 πόλιν
967 1967 1033 2027 νῦν

85 2062 199 2139 μείνας
211 2054 295 2142 πρός
306 2053 385 2136 τούς
400 2060 640 2145 ἐξεληλυθότας
655 2067 716 2128 τοῦ
727 2059 835 2146 δήμου
846 2058 1034 2144 κατηγορή-

87 2173 146 2221 σει.
178 2154 320 2240 πότερον
339 2149 403 2223 ούν
418 2155 528 2242 ὑμεῖς,
549 2158 608 2225 ἐόν
618 2185 654 2225 τε
670 2161 788 2243 μένητε
800 2158 859 2224 ἐόν
868 2183 905 2223 τε
921 2160 1032 2241 ἐξίητε,

85 2250 301 2340 ὁμολογήσετ’
316 2255 401 2322 εἶναι
418 2265 564 2324 τοιοῦτοι
583 2261 674 2332 οἵους
684 2259 826 2332 Μειδίας
842 2252 928 2340 ὑμᾶς
949 2253 1034 2319 ιἰπο-

85 2359 213 2437 φαίνει,
235 2348 258 2438 ή
275 2350 473 2421 τούναντίον
489 2361 611 2421 τούτου
627 2350 678 2419 ἀεὶ
694 2358 864 2437 πανταχοῦ
879 2361 971 2428 θεοῖς
981 2352 1034 2435 ἐχ-

86 2448 425 2538 θρόνκαίβδελυρόν;
447 2449 978 2538 ἐγωμὲνοίμαιτούτοντοιούτον·
992 2446 1033 2516 όν

84 2550 150 2634 γὰρ
168 2548 229 2638 οὐχ
245 2556 369 2638 ἱππεῖς,
392 2549 434 2619 ού
452 2550 689 2637 συνάρχοντες,
711 2548 753 2617 ού
771 2556 862 2634 φίλοι
873 2547 1033 2616 δύνανται

33 2665 79 2720 [98
88 2653 213 2736 φέρειν,
225 2656 535 2738 τίτούτονείπητις;
557 2651 627 2735 ἐμοὶ
636 2649 697 2734 μὲν
707 2647 749 2734 νή
763 2645 823 2715 τόν
832 2653 899 2714 Δία
909 2650 963 2714 καὶ
974 2648 1034 2714 τὸν

86 2747 231 2816 Ἀπόλλω
242 2751 298 2816 καί
308 2746 525 2836 τήνἈθνμιᾶν
536 2749 714 2837 (εἰρήσεται
723 2745 806 2832 γὰρ,
829 2742 881 2812 εἴτ’
897 2743 1034 2830 ύμεινον

88 2856 153 2914 είτε
164 2845 235 2932 μή)
254 2845 307 2915 ὅθ’
321 2840 434 2932 οὗτος,
455 2845 499 2927 ὥς
516 2846 743 2936 ἀπήλλαγμαι,
765 2842 903 2930 περιιόν
919 2847 1034 2929 ἐλογο-

88 2951 186 3026 ποίει,
199 2949 332 3031 ἒνδηλοί
343 2972 430 3024 τινες
445 2939 532 3033 ἦσαν
543 2944 725 3032 ἀχθόμενοι
741 2952 810 3011 των
826 2943 916 3012 πάνυ
927 2941 1033 3027 τούτῳ

88 3041 283 3111 λαλούντων
292 3042 403 3130 ἡδέως.
433 3037 488 3114 καί
503 3043 545 3132 νή
556 3053 623 3113 Δία
641 3043 752 3123 αὐτοῖς
765 3044 869 3127 πολλή
881 3037 1036 3123 συγγνώ-

87 3167 148 3227 μη·
168 3139 209 3208 ού
219 3142 284 3226 γάρ
295 3145 364 3211 ε’στι
376 3142 520 3230 φορητός
531 3143 722 3228 ἅνθρωπος,
741 3140 824 3209 ἄλλα
834 3139 890 3206 καί
900 3144 1038 3202 πλουτεῖ

85 3241 187 3326 μόνος
196 3243 252 3309 καί
262 3245 371 3327 λέγειν
382 3244 521 3312 δύναται
531 3243 645 3328 μόνος,
656 3243 712 3310 καί
722 3239 842 3314 πάντες
854 3236 916 3303 είσὶ
926 3234 1032 3322 τούτῳ

33 3339 350 3425 λθθιιαθοίρματακαλ
371 3344 492 3425 πτωχοὶ
504 3342 559 3406 καί
580 3337 655 3406 οὐδ’
673 3338 859 3419 ἅνθρωποι.
892 3329 952 3400 τὸν
970 3325 1034 3398 οὖν

86 3439 138 3506 ἐπὶ
153 3438 274 3524 ταύτης
284 3446 342 3522 τῆς
353 3437 582 3525 ὑπερηφανίας
599 3435 697 3519 ὄντα,
716 3443 785 3502 νύν
801 3431 846 3501 ἂν
861 3431 1030 3518 ἄποφύγη,
