2370 3854
321 210 455 271 ΥΠΕΡ
480 210 813 275 ΦΟΡΜΙΩΝΟΣ.
978 214 1042 277 429

89 370 152 456 μδν
169 363 288 441 οὖντά
304 372 518 455 συμφέροντα
534 366 596 437 ἐάν
610 371 771 459 ἐξετάζῃς,
793 380 902 452 καλῶς
918 380 1041 460 βεβου-

88 470 251 557 λενμίνον
270 464 376 535 αὐτόν
396 465 563 553 εὑρήσεις·
585 473 616 535 εί
636 470 672 536 δὲ
693 466 777 552 πρός
797 473 918 555 γίνονς
938 473 1039 553 δόξαν

86 566 219 635 άναίνει
238 570 419 651 Φορμίωνα
445 562 624 651 κηδεστήν,
650 564 715 652 ὅρα
740 563 785 652 μή
806 575 938 651 γελοῖον
958 563 982 658 ή
1001 570 1039 639 σὲ

86 670 192 733 ταῦτα
208 664 326 749 λέγειν.
359 667 391 731 εί
395 661 460 747 γάρ
471 688 520 741 τις
529 662 636 748 ίροιτό
648 682 701 747 σε,
712 664 811 733 ποτόν
819 664 883 733 τιν’
895 663 972 752 ἡγεῖ
977 668 1038 735 τόν

86 765 211 848 πατέρα
222 758 283 827 τόν
293 768 438 829 σεαυτοῦ
448 758 547 844 εἶναι,
558 759 701 846 χρηστόν
712 755 751 829 εὖ
761 760 827 830 οἷδ’
837 761 888 831 ότι
899 765 1037 851 φήσειας

86 860 140 929 iv.
171 858 315 944 πότερον
331 850 395 927 σόν
414 868 476 926 οἴει
486 857 834 943 μᾶλλονίοιιιέναετόν
844 859 1037 945 τρόπονκαὶ

86 958 195 1027 πάντα
202 955 263 1024 τόν
269 951 817 1042 βίονΠασίωνισαυτδνήτουτονίς
828 958 892 1045 ἐγω
901 959 962 1045 μὲν
971 958 1035 1045 γὰρ

87 1046 127 1123 εὖ
137 1052 201 1123 οἷδ’
214 1054 266 1121 ὅτι
275 1061 405 1121 τοῦτον.
428 1048 495 1120 εἶθ’
506 1051 546 1131 ὅς
555 1057 645 1121 ἐστιν
655 1052 845 1139 ὁμοιότερος
855 1065 919 1124 σοῦ
928 1064 974 1145 τῷ
986 1062 1035 1146 σῷ

86 1154 195 1237 πατρὶ,
207 1159 344 1235 τοῦτον,
355 1156 387 1217 εί
393 1147 456 1235 τήν
465 1154 589 1233 μητέρα
599 1150 662 1236 τήν
672 1149 737 1237 σήν
745 1157 877 1237 ἔγημεν,
889 1152 1032 1229 άναίνει;

40 1245 170 1317 ὅλάλλᾶ
187 1245 256 1335 μήν
265 1246 318 1318 ότι
327 1273 366 1332 γε
376 1246 493 1324 δόντος
505 1248 560 1313 καὶ
571 1246 814 1332 ἐπισκήψαντος
823 1257 885 1315 τοῦ
895 1256 959 1317 σοῦ
970 1273 1035 1316 πα-

83 1344 162 1433 τρός
176 1344 271 1414 ταῦτ’
288 1345 454 1430 ίπράχθη,
475 1342 517 1411 οδ
534 1343 641 1429 μόνον
656 1348 694 1412 ἐκ
704 1353 762 1432 τής
772 1347 935 1432 διαθήκης
945 1353 1035 1416 ἔστιν

84 1448 184 1528 ίδείν,
210 1436 560 1529 άάνδρεςᾌθηναδοι,
582 1440 788 1511 άλλδιιαὶσύ
797 1443 924 1528 μάρτυς
933 1442 1035 1523 αὐτὸς

82 1548 231 1629 γόγονιις.
264 1539 320 1608 ὅτε
336 1538 401 1627 γάρ
417 1538 458 1608 τά
467 1547 603 1629 μητρῷα
613 1538 696 1625 πρός
706 1538 926 1627 μίροςήξίους
937 1546 1034 1628 νέμε-

83 1648 182 1726 σθαι,
194 1638 302 1707 όντων
312 1643 441 1705 παίδων
451 1641 488 1705 ἐκ
499 1645 556 1724 τῆς
565 1636 724 1722 γυναικός
734 1645 905 1726 Φορμίωνι
914 1642 1032 1731 τούτῳ,

83 1736 158 1805 τότε
180 1733 359 1822 ὡμολόγεις
378 1743 502 1818 κυρίως
523 1736 641 1814 δόντος
661 1741 722 1804 τοῦ
742 1735 867 1820 πατρός
887 1744 948 1805 τοῦ
970 1746 1033 1805 σοῦ

84 1832 167 1903 κατὰ
183 1834 262 1913 τούς
278 1835 404 1919 νόμους
419 1833 524 1922 αότήν
544 1842 761 1921 γεγαμῆσθαι.
793 1841 824 1902 εί
841 1832 906 1921 γάρ
928 1833 1033 1921 αὐτήν

86 1932 150 2018 εἶχε
166 1931 280 2020 λαβων
297 1931 417 2010 άδίκως
431 1931 489 2001 όδε
505 1931 646 2020 μηδενός
663 1935 797 2019 δόντος,
819 1932 882 2003 οὐκ
897 1928 986 2021 ἦσαν
1001 1938 1036 2002 οἱ

86 2035 199 2108 παῖδες
209 2030 420 2117 κληρονόμοι,
427 2044 495 2111 τοῖς
504 2031 541 2099 δὲ
550 2030 594 2118 μή
606 2034 823 2119 κληρονόμοις
832 2032 894 2102 οὐκ
904 2028 1029 2119 ήνμετ-

86 2141 183 2197 ουσία
200 2136 268 2196 τοῖν
286 2128 404 2196 όντων.
438 2126 522 2195 ιἰλλόι
539 2128 607 2214 μήν
623 2128 675 2196 ὅτι
698 2129 793 2197 ταῦτ’
815 2129 925 2214 άληθή
948 2133 1032 2214 λέγω

85 2226 331 2315 μεμαρτύρηται
346 2233 395 2314 τῷ
409 2221 446 2292 τό
464 2229 620 2309 τέταρτον
635 2227 923 2315 μόροςλαβείνκαὶ
935 2223 1036 2315 ἀφελ-

85 2350 139 2394 ναι
152 2331 219 2393 τῶν
229 2322 441 2409 ἐγκλημάτων
455 2317 620 2393 ἁπάντων.

38 2442 76 2500 2³
168 2420 253 2489 Κατ’
270 2418 371 2489 οὐδὲν
386 2427 517 2508 τοίνυν,
540 2416 890 2512 ὦάνδρεςἈθηναῐοι,
903 2430 1033 2494 δίκαιον

83 2517 184 2590 οὐδὲν
192 2524 277 2605 ἔχων
287 2525 392 2588 είπελν
402 2516 658 2600 ἀναιδεστάτους
667 2523 789 2609 λόγους
798 2524 918 2609 ἐτόλμα
926 2528 1034 2611 λέγειν

83 2617 168 2704 πρός
178 2626 225 2710 τηῖ
236 2623 401 2708 διαιτητῇ,
418 2620 492 2703 περὶ
503 2610 552 2686 οἷν
562 2624 804 2706 προακηκοέναι
814 2621 946 2707 βέλτιόν
957 2620 1030 2688 ἐσθ’
1041 2630 1093 2685 955

83 2714 187 2804 ὑμᾶς,
210 2720 270 2787 ἕνα
290 2718 352 2805 μὲν
373 2716 411 2786 τό
433 2718 591 2801 παράπαν
610 2715 655 2803 μή
680 2720 839 2803 γενέσθαι
856 2718 1032 2806 διαθήκην,

84 2813 158 2884 ἀλλ’
179 2815 371 2885 εἶναιτοῦτο
383 2818 515 2903 πλάσμα
526 2820 580 2885 καὶ
592 2812 788 2902 σκευώρημα
800 2815 898 2902 ὅλον,
919 2817 1034 2905 ἕτερον

85 2909 119 2978 δ’
136 2915 236 2982 ἕνεκα
251 2915 374 2984 τούτου
391 2914 499 2984 πάντα
515 2922 618 2983 ταῦτα
633 2929 818 3000 συγχωρεῖν
826 2914 887 2984 τόν
896 2916 960 3001 πρό
972 2923 1034 2984 τοῦ

84 3009 574 3098 γρόνονκαὶοόχὶδικάζεσθαι,
597 3010 648 3080 ότι
658 3019 826 3097 μίσθωσιν
835 3011 960 3099 ἤθελεν
970 3012 1033 3080 αὐ-

84 3114 130 3196 τῷ
142 3113 257 3194 φέρειν
268 3116 425 3195 Φορμίων
435 3109 562 3197 πολλήν
571 3112 626 3179 καί
636 3107 824 3198 ότισγνελτο
834 3121 952 3179 οἴσειν·
963 3112 1033 3179 ἐπεὶ

38 3218 77 3275 84
85 3202 117 3271 δ’
131 3202 173 3272 οὐ
184 3220 274 3273 ποιεῖ
281 3215 401 3291 ταῦτα,
413 3215 609 3295 τηνικαῦτα,
622 3212 720 3296 φησὶ,
733 3209 912 3295 δικάζομαι
936 3208 987 3277 ότι
997 3210 1033 3277 δὲ

84 3301 177 3370 ταῦτ’
191 3300 365 3390 ἀμφότερ’,
387 3303 448 3374 ἐὰν
458 3309 554 3395 λίγη,
572 3307 729 3388 ψεύσεται
739 3310 793 3376 καὶ
803 3321 871 3388 τοῖς
881 3306 943 3395 ὑφ’
956 3310 1034 3381 ἑαυ-

83 3409 145 3468 τοῦ
167 3404 409 3489 πεπραγμένοις
431 3409 564 3475 ἐναντία
587 3409 669 3494 δρεί,
693 3421 844 3476 σκοπεῖτε
866 3410 903 3475 ἐκ
924 3411 1033 3477 τωνδί.
