2370 3854
153 198 216 261 322
367 199 478 256 XXVII.
512 194 900 253 ΔΗΜΟΣΘΕΝΟΤΣ

110 360 280 430 ὀοέλάττω
299 356 478 444 χρήμασιν.
513 354 696 439 ἐρωτηθεὶς
713 349 746 420 δ’
768 350 835 419 ὑπό
856 358 918 419 τοῦ
939 356 1114 438 διαιτητοῦ

156 456 263 526 ταυτά
284 481 320 523 τε
343 451 425 522 καθ’
450 455 607 538 ἕκαστον,
632 455 687 518 καὶ
708 449 770 537 τήν
788 446 986 536 οάσίαντήν
1004 448 1115 519 αὑτοῦ

156 557 301 642 πότερον
325 557 362 622 ἐκ
386 559 455 621 τοῖν
483 555 692 637 ἐπικαρπιῶν
712 545 734 634 ή
757 546 895 636 τάρχαῖα
921 545 1115 619 ἀναλίσκων

157 657 319 750 διῴκηκε,
352 656 407 720 καὶ
429 652 573 736 πότερον
597 649 852 734 ἐπιτροπευθεὶς
872 644 1046 729 ἀπεδέξατ’
1071 646 1115 719 ἀν

156 766 279 826 τοῦτον
295 755 356 821 τόν
373 752 478 837 λόγον
495 750 583 836 παρά
605 756 674 817 τοῖν
690 751 881 832 ἐπιτρόπων
893 744 913 834 ή
927 746 1057 834 τάρχαῖ’
1070 744 1115 817 ἀν

157 856 340 940 ἀπολαβεῖν
358 848 453 936 ήξίου
471 847 538 914 σὺν
555 861 623 926 τοίς
647 853 758 932 ἔργοις
779 860 848 926 τοϊς
869 850 1114 933 γεγενημένοις,

161 948 244 1034 πρός
254 949 315 1035 μὶν
326 946 421 1016 ταῦτ’
433 946 632 1027 ἀπεκρίνατο
642 944 978 1031 οάδὶν,προάκαλείτο
991 945 1024 1016 δ’
1031 950 1112 1016 ἐθέ-

161 1055 232 1115 λειν
247 1049 409 1125 ἐπιδεῖξαί
417 1071 474 1131 μοι
489 1043 551 1130 τήν
569 1042 689 1114 οάσίαν
707 1049 786 1114 δέκα
801 1046 974 1113 ταλάντων
984 1036 1109 1113 οὖσαν·

118 1164 149 1216 51
162 1151 192 1214 εί
202 1146 240 1212 δέ
247 1170 279 1212 τι
288 1146 425 1230 έλλίποι,
436 1141 536 1223 αάτιὶς
547 1148 610 1231 ἔφη
621 1146 836 1231 προσθήσειν.
870 1144 1067 1224 κελεύοντος
1078 1141 1109 1212 δ’

162 1246 245 1330 ἐμοῦ
254 1239 337 1329 πρός
353 1241 414 1309 τόν
425 1240 595 1330 διαιτητήν
610 1244 835 1312 ἐπιδεικνύναι
844 1252 949 1311 ταῦτα
959 1240 1023 1310 οὐκ
1034 1245 1112 1311 ἐπεῑ

163 1346 284 1427 δειξεν,
307 1337 382 1407 οὐδ’
398 1337 444 1419 ὥς
459 1345 494 1407 οί
508 1350 745 1428 συνεπίτροποι
760 1344 964 1426 παρέδοσαν·
986 1339 1029 1409 οά
1044 1339 1112 1426 γοὶρ

162 1437 206 1510 ἀν
223 1438 331 1510 αὐτοῦ
347 1439 574 1528 κατεδιήτησε·
595 1447 780 1526 μαρτυρίαν
798 1439 829 1507 δ’
849 1439 1022 1526 ἐνεβάλετο
1039 1465 1113 1507 tote

163 1540 285 1626 αότην,
307 1540 382 1623 περὶ
400 1530 439 1624 ής
457 1538 650 1623 πειράσεταί
661 1564 693 1607 τι
711 1543 828 1625 λέγειν.
852 1535 896 1606 ἀν
906 1539 967 1624 μὲν
981 1530 1045 1606 οὖν
1055 1540 1113 1606 καὶ

162 1645 227 1704 νῦν
237 1642 322 1722 ἐχειν
333 1662 374 1723 με
385 1645 443 1724 φῇ,
455 1643 545 1716 τίνος
555 1637 761 1725 παραδόντος
771 1643 910 1723 ἐρωτᾶτε
922 1635 1044 1720 αὐτόν,
1056 1636 1113 1703 καὶ

119 1752 153 1804 52
162 1731 237 1803 καθ’
251 1735 391 1803 ἕκαστον
402 1740 631 1821 παρασχέσθαι
646 1737 815 1823 μάρτυρας
833 1733 972 1816 ἀξιοῦτε.
1005 1732 1066 1803 ἐάν
1079 1730 1111 1802 δ’

164 1831 251 1898 εὶναί
257 1858 314 1916 μοι
327 1840 376 1918 φῇ
385 1838 506 1900 τοῦτον
515 1831 577 1902 τόν
587 1835 729 1920 τρόπον,
753 1835 963 1921 λογιζόμενος
977 1835 1018 1903 τιὶ
1036 1832 1113 1920 παρ’

164 1930 307 2018 ἑκατέρω
322 1938 391 1997 τοῖν
409 1930 611 2016 ἐπιτρόπων,
634 1937 818 2014 διπλασίοις
829 1933 950 2003 ἐλάττω
962 1933 1114 2020 φανήσε-

163 2053 216 2095 ται
227 2033 349 2114 λέγων,
371 2034 488 2115 ἔχοντα
505 2027 536 2096 δ’
550 2028 651 2100 οάδὶν
668 2040 797 2118 μᾶλλον
807 2032 1015 2118 ἀποφαίνων.
1045 2030 1111 2118 ἐγοὶ

163 2125 228 2212 γάρ
239 2126 350 2211 ὥσπερ
367 2130 423 2197 καὶ
433 2137 555 2197 τοῦτον
571 2128 705 2199 τοσαῦτ’
717 2129 822 2216 ἔχοντ’
836 2131 1002 2215 ἐξήλεγξα,
1023 2129 1112 2198 οὕτω

163 2225 328 2295 κάκείνων
340 2229 498 2311 ἑκάτερον
510 2227 573 2297 οὐκ
584 2231 708 2298 ἐλάττω
718 2230 848 2297 τούτων
862 2235 978 2314 έχοντα
989 2232 1114 2296 ἐπιδεί-

164 2332 219 2406 ξω.
244 2324 324 2394 ὥστ’
338 2325 380 2394 οά
391 2325 485 2395 τοῦτ’
497 2326 588 2418 αὐτῷ
597 2331 747 2414 λεκτέον,
766 2327 834 2397 ἀλλ’
849 2321 925 2411 εὶςή
936 2321 1069 2411 αὐτόςή
1080 2329 1116 2394 οί

165 2431 402 2511 συνεπίτροποι
412 2428 610 2512 παρέδοσαν.
635 2433 667 2494 εί
675 2430 711 2492 δὲ
721 2424 765 2511 μή
776 2422 864 2492 τοῦτ’
874 2425 1036 2504 ἐπιδείξει,
1044 2431 1115 2500 πῶς

164 2520 225 2607 χρή
235 2523 339 2609 ταύτῃ
349 2531 391 2609 τῇ
401 2525 581 2610 προκλήσει
591 2528 762 2609 προσέχειν
772 2520 857 2609 ὑμᾶς
866 2519 925 2589 τόν
935 2529 1023 2588 νοῦν
1028 2548 1037 2600 3
1051 2519 1115 2588 οά-

165 2620 223 2687 δέν
232 2620 296 2705 γάρ
308 2627 435 2706 μᾶλλον
445 2622 562 2706 ἔχοντά
572 2648 613 2708 με
624 2626 856 2691 ἐπιδείκνυσιν.
1121 2642 1171 2695 83⁰

121 2740 155 2792 53
248 2716 362 2785 Πολλά
380 2723 497 2785 τοίνυν
513 2717 694 2806 ἀπορηθεὶς
710 2721 791 2803 πρός
808 2727 854 2807 τῷ
875 2723 1022 2804 διαιτητῇ
1038 2720 1114 2802 περὶ

164 2813 302 2880 πάντων
312 2814 453 2900 τούτων,
465 2817 521 2884 καὶ
537 2814 611 2885 καθ’
627 2820 766 2885 ἕκαστον
783 2817 1027 2903 ἐξελεγχόμενος
1044 2814 1114 2882 ὥσ-

163 2936 226 2996 περ
237 2913 315 2979 νυνὶ
327 2911 400 2998 παρ’
417 2911 507 3000 ὑμίν,
526 2915 684 3002 ἐτόλμησε
695 2916 886 2995 ψεύσασθαι
896 2914 1033 2982 πάντων
1044 2916 1113 2980 δει-

163 3010 321 3095 νότατον,
347 3008 392 3092 οὶς
407 3014 545 3099 τέτταρά
561 3040 617 3101 μοι
633 3015 778 3083 τάλαντα
801 3014 819 3082 ό
836 3011 943 3101 πατήρ
960 3016 1112 3081 κατέλιπε

163 3116 444 3200 κατορωρυγμένα
453 3116 509 3181 καὶ
519 3112 647 3182 τούτων
663 3109 855 3198 κυρίαντὴν
866 3116 989 3198 μητέρα
999 3114 1112 3195 ἐποίη-

159 3229 231 3275 -σεν,
255 3216 358 3278 ταῦτα
370 3212 403 3280 δ’
417 3211 525 3294 είπεν,
541 3208 581 3279 ἵν’
595 3218 626 3280 εί
635 3212 697 3299 μὶν
707 3215 762 3280 καὶ
773 3218 837 3277 νῦν
849 3206 1111 3295 προσδοκήσαιμι

165 3301 270 3373 αὐτόν
280 3309 387 3398 ἐρεῖν,
406 3310 677 3397 ἀπολογούμενος
693 3311 767 3396 περὶ
779 3307 890 3376 αὐτῶν
901 3311 1108 3392 διατρίβοιμι,

163 3400 242 3465 δέου
260 3402 356 3487 ἐτερά
375 3438 415 3498 με
435 3408 541 3480 αὐτοῦ
555 3426 751 3496 κατηγορεῖν
768 3403 962 3492 πρόςιὶμάς·
980 3408 1011 3472 εί
1020 3399 1051 3469 δ’
1066 3398 1110 3481 ⁰38
