2370 3854
155 217 217 280 396
350 219 474 276 xxxiv,
503 213 918 276 ΔΗΜΟΣΘΕΝΟΤΣ

155 377 291 464 νήσεταί
297 400 384 458 ποτε,
392 373 429 453 δς
438 372 511 442 ἀντὶ
521 378 686 459 δισχιλίων
696 374 751 440 καὶ
764 374 941 452 ἑξακοσίων
952 377 1114 461 δραχμῶν

155 474 330 558 τριάκοντα
348 481 433 559 μνᾶς
456 474 511 540 καί
531 477 719 554 τριακοσίας
740 473 794 539 καλ
815 470 972 558 ἑξήκοντα
992 470 1113 543 ἀποτί·

155 598 227 643 νειν
247 568 408 657 προείλετ’
435 566 493 656 ἀν,
528 572 582 638 καὶ
602 568 704 637 τόκον
725 577 941 649 πεντακοσίας
962 571 1112 659 δραχμὰς

155 673 211 738 καί
232 669 388 757 ἑξήκοντα
409 667 660 753 δανεισάμενος,
682 666 721 745 ἀς
742 688 845 753 φησιν
862 665 1112 738 ἀποδεδωκέναι

157 775 313 854 Φορμίων
324 767 481 853 Λάμταδι,
492 772 668 851 τρισχιλίας
679 769 872 859 έννακοοίας
883 769 1110 849 είκοσινςέξδν

157 865 188 935 δ’
208 865 299 954 αὐτῷ
315 864 595 952 ἀμφοτερόπλουν
604 862 783 949 Ἀθήνησιν
800 860 986 933 ἀποδοῦναι
996 864 1034 934 τό
1046 865 1110 951 ἀρ-

155 965 291 1050 γύριον,
315 967 352 1031 έν
361 963 524 1051 Βοσπόρῳ
541 960 707 1045 ἀπέδωκε,
730 965 816 1046 τρισὶ
836 964 892 1030 καὶ
913 966 992 1030 δέκα
1012 979 1111 1050 μναῖς

111 1083 146 1139 26
156 1066 272 1140 πλέους
290 1063 345 1128 καὶ
355 1075 423 1138 τοῖς
431 1058 493 1145 μὲν
502 1056 543 1126 τά
555 1059 732 1144 ἑτερόπλοα
744 1065 914 1128 δανείσασι
923 1059 1016 1147 μόλις
1027 1060 1110 1147 τάρ-

156 1176 233 1247 χαῖα
261 1158 487 1243 ἀποδέδωκας,
520 1164 555 1225 ολ
578 1159 809 1226 συνέπλευσάν
830 1179 883 1226 σοι
903 1161 958 1227 καὶ
979 1160 1110 1245 προσή-

157 1265 294 1344 δρευον·
317 1258 423 1348 τούτῳ
442 1256 478 1324 δὲ
494 1263 541 1344 τῷ
558 1255 601 1343 μὴ
620 1257 760 1342 παρόντι
782 1255 823 1324 οό
843 1258 949 1344 μόνον
970 1255 1111 1343 τάρχαῖα

155 1359 212 1426 καὶ
223 1354 302 1435 τούς
311 1355 432 1433 τόκους
442 1352 635 1441 ἀπεδίδους,
652 1354 735 1424 ἀλλά
746 1359 800 1424 καὶ
810 1355 852 1423 τά
863 1360 1004 1443 ἐπιτίμια
1021 1354 1061 1423 τά
1071 1359 1109 1425 ἐκ
1121 1371 1172 1426 91⁵

154 1465 213 1540 τῆς
223 1463 420 1540 συγγραφῆς
430 1451 589 1538 ἀπέτινες,
601 1452 757 1541 οὐδεμιᾶς
768 1476 822 1522 σοι
831 1452 978 1541 ἀνάγκης
989 1453 1109 1543 οόσηςς

113 1555 330 1631 νῖκάκείνους
340 1554 402 1637 μέν
412 1550 475 1621 οὐκ
487 1556 636 1638 ἐδεδίεις,
658 1550 707 1630 οἷς
724 1557 761 1621 αί
775 1555 964 1640 συγγραφαὶ
976 1555 1112 1623 ένΒοσ-

158 1652 249 1739 πόρῳ
274 1649 336 1737 τὴν
359 1656 479 1734 πρᾶξιν
501 1655 655 1720 ἐδίδοσαν
671 1659 733 1719 τοῦ
757 1656 907 1719 δανείου·
929 1652 1052 1720 τοότον
1075 1652 1111 1721 δέ

159 1751 224 1840 φῂς
244 1755 447 1838 φροντίζειν,
469 1748 510 1818 ἀν
527 1754 559 1831 ἐξ
577 1747 795 1837 ἀρχῆςεάδάς
804 1748 928 1836 ἠδίκεις
938 1748 1001 1819 οὐκ
1010 1752 1111 1821 ένδέ·

156 1875 255 1935 μενος
271 1847 311 1916 τά
329 1847 468 1934 χρήματ’
487 1854 533 1927 είς
550 1849 612 1934 τὴν
629 1857 718 1916 ναόν
737 1846 819 1916 κατά
836 1847 899 1937 τὴν
910 1848 1111 1937 συγγραφὴν

153 1944 358 2032 Ἀθήνηθεν;
381 1950 436 2015 καὶ
452 1955 517 2015 νῦν
534 1948 597 2032 μέν
607 1953 653 2025 είς
663 1945 700 2015 τό
712 1947 871 2033 ἐμπόριον
883 1943 996 2034 ἥκων,
1017 1939 1061 2016 οὗ
1071 1947 1110 2015 τδ

157 2046 362 2132 συμβόλαιον
379 2048 523 2133 ἐγένετο,
547 2043 610 2112 οὐκ
628 2042 737 2124 ὀκνεῖς
752 2042 946 2132 ἀποστερεῖν
965 2043 1025 2112 τόν
1047 2050 1110 2112 δα-

155 2154 325 2214 νείσαντα·
345 2148 383 2215 έν
392 2145 556 2235 Βοσπόρῳ
568 2147 604 2213 δὲ
616 2152 716 2212 πλείω
729 2150 797 2212 τῶν
808 2147 946 2211 δικαίων
956 2140 1021 2231 φῂς
1031 2166 1110 2209 τοι»

112 2265 147 2322 28
155 2258 218 2333 εῖν,
242 2237 286 2314 οὗ
305 2249 401 2333 δίκην
420 2242 482 2315 οὐκ
501 2249 633 2331 ἔμελλες
652 2244 786 2322 δόσεως
807 2245 862 2311 καλ
882 2247 916 2310 οί
933 2241 994 2328 μέν
1014 2239 1111 2312 ἀλλοι

155 2344 275 2424 πάντες
301 2350 337 2413 οί
358 2347 399 2415 τά
426 2348 608 2433 ἑτερόπλοα
635 2352 880 2434 δανειζόμενοι,
915 2342 998 2411 όταν
1024 2338 1111 2409 ἀπο-

155 2447 353 2510 στέλλωνται
370 2447 406 2511 ἐκ
423 2450 491 2510 τῶν
511 2445 694 2529 ἐμπορίων,
716 2439 860 2520 πολλοὺς
880 2449 1109 2527 παρίστανται,

158 2542 455 2628 ἐπιμαρτυρόμενοι
471 2540 524 2609 ότι
539 2541 579 2609 τά
589 2542 737 2629 χρήματα
747 2539 810 2627 ἤδη
821 2538 1052 2608 κινδυνεύεται
1062 2546 1110 2629 τῷ

156 2644 359 2709 δανείσαντι·
383 2639 426 2708 σύ
443 2638 473 2709 δ’
488 2642 537 2710 ἑνὶ
547 2642 683 2727 σκήπτει
693 2641 834 2727 μάρτυρι
845 2637 936 2730 αότςά
945 2648 993 2730 τῷ
1004 2661 1110 2706 συνα-

155 2742 320 2824 δικοῦντι,
343 2741 399 2806 καὶ
414 2737 492 2806 οὔτε
501 2743 562 2807 τδν
572 2745 674 2807 παῖδα
683 2738 743 2806 τὸν
753 2736 915 2824 ἡμέτερον
926 2741 1111 2825 παρέλαβες

155 2838 192 2904 έν
203 2835 397 2925 Βοσπόρω”
376 2862 457 2903 οντα
469 2834 545 2904 οὔτε
555 2835 616 2904 τὸν
625 2833 805 2923 κοινωνόν,
824 2832 946 2904 οὐδὲ
911 2862 969 2914 τας
979 2839 1110 2904 ἐπιστο-

155 2932 214 3014 λάς
225 2931 449 3015 ἀπέδωκας’
407 2948 533 3020 αυτοις,
545 2931 584 3014 ἀς
593 2933 686 3022 ἡμεῖς
696 2934 915 3022 ἐπεθήκαμεν,
927 2939 965 3003 έν
975 2930 1027 3014 αἷς
1038 2935 1110 3048 έγέ-

113 3053 282 3120 νργραπτο
294 3045 564 3121 παρακολουθεῖν
574 3058 643 3121 σοι,
661 3029 742 3114 ols'¹
720 3062 763 3102 αν
773 3035 934 3123 πράττῃς;
946 3018 1110 3116 καίτοι,ω

155 3131 275 3221 ἀνδρες
286 3137 453 3219 δικασταὶ,
468 3141 503 3202 τί
510 3131 573 3202 οάκ
585 3129 628 3202 ἀν
640 3131 821 3220 πρόξειεν’
806 3159 824 3201 ο
836 3139 1003 3218 τοιοῦτος,
1020 3128 1111 3209 ὅστις

155 3230 329 3319 γράμματοι
346 3230 461 3320 λαβων
476 3232 520 3319 μὴ
540 3229 753 3300 ἀποδέδωκεν
769 3229 883 3319 ὀρθῶς
894 3234 949 3299 παλ
961 3234 1113 3315 δικαίως;

154 3322 177 3411 ἦ
193 3338 264 3407 παῖς
281 3327 324 3398 οὐ
342 3331 492 3417 φανερόν
509 3334 598 3399 ἐστιν
616 3329 695 3417 ὑμῖν
711 3329 748 3400 τὸ
760 3331 882 3401 τούτου
892 3328 1112 3415 κακούργημα

144 3426 186 3500 ἐξ
192 3423 312 3495 αάτοέν
322 3421 374 3497 ὦν
383 3433 559 3518 ἐντραπέας
571 3436 692 3517 καίτοι,
705 3421 785 3517 ἀγῇ
795 3431 851 3499 καὶ
861 3430 954 3514 θεοὶ,
964 3427 1115 3514 προσῆκέ
