2370 3854
140 198 201 260 268
338 196 434 254 XXIV.
469 191 888 253 ΔΗΜΟΣΘΕΝΟΤΣ

78 362 176 425 λθδέν
186 355 353 441 Κερκύρᾳ.
375 351 411 431 ὃς
421 345 485 420 οὖν
495 351 557 437 τήν
574 355 635 436 μὲν
646 347 796 435 ἀδελφήν
807 346 853 415 ἐπ’
866 353 1016 437 ἐξαγωγῇ
1028 376 1097 436 φη-

140 457 173 522 σὶ
189 453 251 540 μεν
267 456 442 538 ἐκδοῦναι,
465 453 613 537 πέπρακε
630 448 666 517 δὲ
684 456 731 537 τῷ
742 454 845 537 έργφ,
867 446 927 516 τόν
938 447 976 516 δὲ
987 445 1098 516 αὑτοῦ

140 553 264 636 πατέρα
285 549 373 618 οὕτω
395 562 611 635 γηροτροφεῖ,
634 544 809 615 κολακεύει
833 545 871 614 δὲ
891 547 947 614 καί
966 554 1096 631 μισθοῦ

140 651 261 735 γράφει
280 650 335 717 καὶ
355 647 577 732 πολιτεύεται,
601 653 722 713 τοῦτον
739 637 833 729 ύμεῑς
851 642 1011 731 λαβόντες
1031 643 1098 713 ούκ

140 747 367 826 άποκτενεῐτε;
390 745 501 824 δόξετε
512 743 588 829 άρα,
602 736 958 828 άάνδρεςἈθηναλοι,
969 748 1097 826 κρίσεις

139 847 325 932 βούλεσθαι
335 846 391 911 καὶ
409 840 575 928 πράγματ’
590 848 692 928 ἔχειν,
717 839 785 909 ἀλλ’
800 840 864 909 ούκ
882 840 1097 928 ἀπηλλάχθαι

141 947 387 1025 τῶνπονηρῶν.

80 1064 132 1115 204
225 1042 292 1106 Καὶ
309 1037 376 1125 μήν
393 1037 446 1106 ότι
464 1039 526 1123 μὲν
542 1040 702 1126 προσήκει
719 1040 845 1118 πάντας
856 1038 1098 1120 κολάζειντούς

142 1137 356 1221 ἀδικοῦντας,
379 1128 419 1203 εύ
430 1135 493 1203 οἷδ’
507 1135 558 1204 ότι
568 1138 689 1217 πάντες
701 1133 762 1223 άν,
781 1147 814 1205 ελ
820 1163 869 1216 τις
881 1143 1005 1225 ἔροιτο,
1029 1139 1099 1224 φή-

143 1260 250 1304 σαιτε·
275 1234 345 1327 όσφ
359 1240 395 1304 δὲ
407 1238 550 1322 μάλιστα
560 1245 699 1324 τούτου,
718 1234 754 1315 ὃς
771 1238 877 1323 νόμον
888 1236 1099 1323 εἰσενήνοχεν

141 1337 194 1403 ἐπὶ
204 1335 313 1424 βλάβη
324 1343 385 1405 τοῦ
398 1338 561 1423 πλήθους,
573 1334 638 1423 ἐγώ
651 1337 851 1423 πειράσομαι
862 1335 999 1416 διδάξαι.
1029 1342 1099 1402 τῶν

141 1435 201 1520 μὲν
221 1433 286 1520 γάρ
306 1444 457 1504 κλεπτῶν
472 1438 527 1504 καὶ
546 1440 750 1503 λωποδυτεῖν
767 1438 821 1503 καὶ
836 1432 877 1501 τά
888 1440 1024 1501 τοιαῦτα
1034 1459 1097 1499 κα-

142 1533 383 1618 κουργούντων
394 1535 532 1611 ἕκαστος
543 1534 750 1618 πρῶτονμὲν
769 1531 812 1611 ὦς
823 1532 1099 1616 άληθαῖςτόνέν-

141 1629 277 1715 τυχόντ’
290 1629 412 1716 άδικεί,
437 1634 492 1698 καλ
504 1629 567 1699 ούκ
586 1627 630 1697 άν
641 1625 711 1708 οἷός
721 1628 751 1696 τ’
765 1641 815 1715 είη
827 1630 953 1705 πάντας
963 1628 1097 1694 ἐκδύειν

142 1726 221 1796 οὐδὲ
230 1728 272 1796 τά
284 1730 423 1798 πάντων
435 1727 638 1814 ὑφελέσθαι,
657 1727 726 1795 εἶτα
737 1726 947 1811 καταισχύνει
957 1722 1019 1809 τήν
1031 1721 1097 1787 αύ-

79 1847 131 1898 205
141 1836 203 1893 τοῦ
214 1826 315 1905 δόξαν
325 1829 381 1904 καὶ
389 1825 449 1894 τόν
460 1832 536 1911 βίον
546 1826 662 1910 μόνον.
690 1831 720 1893 εί
730 1828 768 1893 δέ
775 1852 824 1904 τις
835 1828 979 1909 εἰσφέρει
989 1820 1097 1906 νόμον

142 1930 174 2003 ἐξ
192 1917 235 1992 ού
251 1938 319 2001 τοῖς
336 1922 423 2008 ὑμᾶς
439 1925 657 2008 βουλομένοις
673 1921 837 2009 άδικελνή
856 1929 946 1989 ποῖσα
963 1924 1097 2000 ἐξουσία

142 2023 196 2088 καὶ
207 2019 301 2087 άδεια
317 2020 505 2108 γενήσεται,
521 2012 620 2100 ούτος
636 2020 719 2108 όλην
737 2018 847 2090 άδικεῖ
858 2018 922 2108 τήν
932 2021 1030 2088 πόλιν
1041 2022 1097 2087 καὶ
1107 2037 1157 2094 764

142 2119 351 2205 καταισχύνει
367 2118 508 2198 πάντας·
530 2118 633 2204 νόμος
648 2118 713 2205 γάρ
731 2117 865 2206 αίσχρός
881 2117 963 2187 όταν
980 2116 1098 2202 κύριος

141 2213 180 2307 ή,
199 2226 257 2305 τής
267 2218 395 2297 πόλεως
412 2218 544 2298 όνειδός
561 2223 629 2286 ἐστι
645 2227 702 2305 τῆς
713 2222 869 2306 θεμένης,
892 2221 947 2285 καὶ
957 2217 1098 2304 βλάπτει

143 2319 267 2396 πάντας
277 2315 351 2386 ὅσοι
362 2341 424 2405 περ
436 2313 480 2386 άν
490 2315 582 2406 αύτῷ
592 2325 745 2404 χρῶνται.
780 2314 841 2386 τὸν
857 2308 922 2384 οὖν
940 2318 995 2382 καὶ
1011 2314 1098 2400 βλά-

142 2439 235 2483 πτειν
252 2413 338 2501 ύμάς
360 2417 415 2482 καὶ
437 2417 534 2501 δόξης
555 2414 806 2502 άναπιμπλάναι
825 2414 955 2499 φαύλης
976 2415 1099 2497 ἐπιχει-

81 2526 132 2578 ‘206
143 2521 278 2596 ροῦντα,
290 2520 412 2581 τοῦτον
423 2512 464 2580 ού
477 2515 707 2599 τιμωρήσεσθε
723 2514 898 2600 λαβόντες;
921 2513 977 2577 καὶ
987 2516 1021 2576 τί
1028 2510 1098 2594 φή-

144 2629 230 2691 σετες
262 2616 357 2696 γνοίη
378 2608 409 2677 δ’
423 2608 466 2677 άν
483 2637 531 2688 τις
550 2610 638 2677 οὕτω
656 2607 789 2693 μάλισθ’
807 2607 905 2694 ήλίκοι
922 2608 1098 2693 πράγματα

144 2708 351 2786 συσκευάσας
360 2710 528 2793 γέγραφεν
540 2705 661 2789 αὐτόν,
679 2709 734 2774 καὶ
750 2703 845 2773 ταῦθ’
861 2703 905 2784 ως
915 2701 1098 2772 ὑπεναντία

143 2813 182 2892 τή
194 2805 391 2892 καθεστύση
402 2813 560 2894 πολιτεία,
573 2811 603 2873 εί
612 2813 780 2891 λογίσαιτο
792 2804 843 2874 ὅτι
853 2807 991 2892 πάντες,
1014 2803 1098 2872 ὅταν

144 2928 210 2970 που
239 2904 461 2983 καταλύοντες
488 2904 548 2972 τόν
581 2909 688 2990 δῆμον
713 2905 906 2990 πράγμασιν
926 2907 1098 2989 ἐγχειρῶσι

143 3006 332 3090 νεωτέροις,
355 3010 453 3071 τούτο
472 3012 607 3071 ποιοῦσι
629 3010 761 3088 πρῶτον
779 3001 951 3088 ἁπάντων,
974 3007 1098 3068 ἔλυσαν

144 3101 223 3183 τούς
243 3103 407 3190 πρότερον
424 3102 516 3193 νόμφ
535 3102 573 3171 δι’
592 3101 756 3189 άμαρτίαν
771 3101 846 3170 τινὰ
867 3100 992 3186 ταύτην
1013 3095 1098 3166 ύπέ-

81 3215 134 3270 207
143 3228 261 3288 χοντας
271 3199 334 3289 τήν
346 3206 450 3288 δίκην.
484 3210 555 3282 πως
566 3195 629 3270 ούν
640 3200 702 3270 ούκ
715 3201 803 3282 άξιος
815 3194 927 3287 οὗτος,
953 3205 982 3266 εί
991 3203 1100 3266 δυνα-

143 3302 212 3384 τόν,
224 3303 305 3388 τρὶς,
313 3299 374 3387 ούχ
385 3301 471 3382 άπαξ
482 3300 699 3387 άπολωλέναι,
708 3296 795 3379 όςείς
807 3296 856 3368 τόν
867 3303 922 3368 καὶ
933 3294 974 3368 ού
987 3295 1097 3382 δήπου

142 3402 272 3484 μέλλων
291 3400 470 3469 καταλύειν
491 3398 592 3486 ὑμᾶς,
615 3397 699 3467 άλλά
721 3397 918 3467 τούναντίον
940 3393 1039 3473 αύιός
1060 3396 1099 3462 ἐν
