2370 3854
26 373 29 379 '
120 350 183 422 488
348 353 853 416 xL.AHM020ENor2
946 387 947 390 ¹

121 517 307 605 ἐνεδρεύων
324 540 364 603 με
379 515 435 583 καὶ
450 511 514 600 τήν
531 517 629 600 δίκην
645 511 696 580 ότι
713 522 869 582 πλεῖστον
879 515 1003 603 χρόνον
1017 519 1073 586 ἐκ-

120 617 259 703 κρούειν
268 613 488 703 βουλόμενος,
511 611 747 699 κατηγορήσει,
765 609 809 692 ὡς
820 610 884 699 ἐγὼ
896 613 1074 683 πυνθάνο-

121 743 190 803 μαι,
202 711 243 782 ού
258 715 364 799 μόνον
375 716 473 800 ἐμοῦ,
501 708 585 780 ἀλλά
599 712 655 779 καὶ
669 718 731 778 τοῦ
744 709 884 798 πατρός,
912 717 1019 798 λέγων
1030 710 1073 793 ὡς

121 818 245 894 ἐκεῖνος
256 815 327 902 ἐμοὶ
335 812 545 902 χαριζόμενος
556 806 662 879 πολλοὶ
673 816 794 878 τούτου
802 807 968 897 ήδίκησεν.
980 810 1074 899 ύμεῖς

121 913 165 1000 δ’,
180 906 338 1001 ἀύνδρες
349 911 514 993 δικασταί,
534 909 675 996 μάλιστα
685 908 763 995 μὲν,
782 905 893 993 ὥσπερ
904 908 998 978 αὐτοὶ
1009 907 1071 979 ούκ

120 1008 165 1080 ἀν
181 1009 353 1092 ἀξιώσαιτε
371 1017 481 1087 κακῶς
497 1006 636 1075 ἀκούειν
652 1004 716 1074 ὑπό
730 1014 799 1074 τῶν
815 1003 984 1093 ὑμετέρων
995 1016 1071 1077 καί·

120 1116 206 1196 δων,
228 1108 316 1179 οὕτω
337 1109 420 1196 μηδὲ
442 1107 549 1197 τούτῳ
575 1108 760 1191 ἐπιτρέπετε
777 1107 929 1190 περὶτοῦ
948 1105 1072 1194 πατρός

78 1216 343 1297 ιεβλασφημεῖν·
368 1208 423 1276 καὶ
441 1203 506 1291 γάρ
522 1200 567 1273 ἀν
578 1213 628 1291 εἴη
640 1201 752 1272 δεινόν
762 1209 793 1272 εί
808 1201 902 1271 αύτοδ
913 1205 975 1290 μέν
989 1203 1072 1291 πρὸς
1081 1219 1122 1272 1οἱ

118 1307 197 1389 τούς
215 1309 268 1378 ἐπὶ
287 1314 345 1394 τῆς
361 1306 548 1393 ὀλιγαρχίας
565 1301 710 1383 πολλούς
725 1308 795 1370 τῶν
813 1310 957 1370 πολιτοῖν
976 1299 1072 1388 ἀκρί-

118 1433 197 1485 τους
214 1403 473 1483 ἀποκτείναντας
491 1405 720 1489 διαλλαγέντες
735 1403 889 1490 ἐμμένετε
904 1415 974 1481 ταῖς
991 1397 1072 1487 ὁμο-

118 1512 259 1591 λογίαις,
285 1502 396 1586 ὥσπερ
418 1501 479 1589 χρή
499 1500 579 1581 τούς
599 1498 723 1581 καλούς
744 1497 920 1587 κάγαθούς
936 1500 1071 1588 ἀνδρας,

120 1602 227 1694 τούτῳ
246 1603 281 1672 δὲ
299 1598 383 1687 πρός
398 1600 460 1669 τόν
477 1607 600 1684 πατέρα
618 1603 723 1681 ζῶντα
739 1602 794 1669 καὶ
813 1604 1005 1669 διαλυθέντι
1017 1604 1072 1669 καὶ

120 1699 225 1771 πολλοὶ
243 1698 331 1787 παρά
343 1695 378 1767 τό
395 1703 525 1767 δίκαιον
537 1700 816 1786 πλεονεκτήσαντι
833 1706 899 1767 νύν
909 1719 1073 1789 μνησικα-

76 1833 109 1888 ηχ
120 1814 192 1869 κεῖν
203 1801 391 1885 ἐπιτρέψετε
405 1801 460 1866 καί
483 1806 593 1878 κακοῖς
604 1802 712 1884 λέγειν
729 1801 867 1868 ἐκεῖνον.
905 1806 1072 1888 μηδαμῶς,

121 1893 282 1984 ύάνδρες
295 1900 462 1982 δικασταί,
486 1893 568 1966 ἀλλά
586 1899 728 1983 μάλιστα
744 1901 806 1985 μέν
821 1896 955 1967 κωλύεύ
969 1898 1073 1968 αὐτόν

118 2007 223 2065 ταύτῖι
234 2011 353 2082 ποιεῖν,
366 1994 409 2063 ἀν
422 1994 454 2064 δ’
467 1996 533 2080 ἀρα
544 1998 692 2084 βιάζηται
703 1994 791 2084 ὑμᾶς
803 2000 859 2067 καὶ
870 2004 1071 2087 λοιδορῆται,

119 2093 312 2182 ἐνθυμεῖσθ’
326 2092 378 2161 ότι
392 2091 492 2172 αὐτός
502 2096 625 2162 ἑαυτοῦ
633 2111 880 2182 καταμαρτυρεῖ
887 2097 931 2183 μή
943 2100 974 2177 ἐξ
986 2102 1071 2165 ἐκεί-

120 2220 184 2263 νου
194 2200 407 2280 γεγενῆσθαι.
440 2196 474 2262 οί
484 2191 545 2279 μὲν
557 2191 621 2279 γάρ
634 2193 735 2280 φύσει
748 2200 862 2275 παῖδες
873 2195 983 2282 όντες,
1006 2190 1071 2263 κάν

119 2294 204 2378 πρός
221 2300 344 2375 ζῶντας
357 2290 436 2372 τούς
448 2294 592 2380 πατέρας
603 2296 838 2383 διενεχθῶσιν,
856 2293 923 2364 ἀλλ’
937 2288 1000 2364 οὖν
1017 2320 1072 2362 τε·

120 2391 344 2479 λευτήσαντύς
354 2417 392 2477 γε
404 2389 526 2472 αύτούς
537 2397 744 2462 ἐπαινοῦσιν·
769 2399 805 2463 οί
814 2397 850 2462 δὲ
864 2395 1072 2482 νομιζόμενοι

118 2491 179 2578 μὲν
189 2496 281 2576 υίεῖς,
292 2490 337 2578 μή
350 2489 444 2570 όντες
455 2491 491 2560 δὲ
500 2495 589 2576 γένει
600 2495 632 2572 ἐξ
644 2494 792 2580 ἐκείνων,
805 2495 926 2582 ῥαδίως
937 2496 998 2581 μὲν
1010 2491 1073 2561 αύ-

118 2603 187 2669 τοῖς
208 2591 422 2676 διαφέρονται
443 2595 558 2676 ζῶσιν,
582 2588 684 2660 οὐδέν
705 2593 741 2660 δὲ
763 2600 976 2678 φροντίζουσι
998 2594 1073 2678 περὶ

75 2687 315 2768 ωτεθνειότων
332 2686 444 2755 αὐτῶν
460 2695 745 2775 βλασφημοῦντες.
777 2692 875 2778 χωρὶς
892 2690 928 2758 δὲ
943 2690 1073 2758 τούτων

118 2792 322 2874 ἐνθυμεῖσθε
339 2784 383 2867 ὡς
401 2787 528 2856 ἀτοπόν
545 2791 650 2872 ἐστιν,
674 2793 705 2856 εί
714 2780 883 2873 ούτοςτδν
893 2791 1017 2869 πατέρα
1030 2785 1073 2865 ὡς

118 2885 309 2974 ἁμαρτόντα
319 2893 366 2965 είς
376 2883 482 2954 αὑτόν
493 2887 690 2972 λοιδορήσει,
702 2883 757 2953 διδ
768 2883 808 2951 τόι
823 2888 953 2952 ἐκείνου
964 2882 1073 2971 ἀμαρ-

118 2986 245 3071 τήματα
262 2981 419 3068 ὑμέτερος
437 2990 571 3069 πολίτης
581 2985 808 3068 γεγενημένος.
841 2981 932 3069 κάγώ
945 2985 1006 3070 μὲν
1018 2982 1072 3052 διὰ

117 3082 180 3171 τήν
190 3083 319 3153 τούτων
329 3086 451 3170 μητέρα
462 3079 503 3149 τόι
516 3081 576 3149 δύο
589 3084 672 3168 μέρη
684 3088 743 3167 τής
753 3078 868 3160 ούσίας
878 3079 1074 3168 ἀφαιρεθεὶς

118 3182 206 3270 ὅμως
217 3179 302 3269 ὑμᾶς
313 3182 509 3268 αἰσχύνομαι
520 3186 628 3266 λέγειν
639 3182 713 3264 περὶ
724 3183 851 3268 ἐκείνης
859 3207 892 3249 τι
903 3189 1072 3268 φλαῦρον·

75 3308 108 3361 49
118 3274 216 3361 ούτος
227 3281 272 3369 δ’,
284 3278 324 3350 όν
335 3279 525 3367 ήνύγκασεν
537 3278 628 3373 αύτῷ
638 3282 762 3364 πατέρα
772 3283 940 3367 γενέσθαι,
952 3289 1073 3350 τοῦτον

114 3378 180 3447 ούκ
198 3381 388 3466 αἰσχύνεται
405 3382 518 3464 ψέγων
535 3383 687 3449 ἐναντίον
698 3378 811 3466 ὑμῶν,
834 3378 907 3449 ἀλλ’
923 3387 969 3461 είς
978 3389 1058 3449 τοῦτ

98 3474 256 3563 ἀμαθίας
280 3478 357 3568 ήκει
386 3478 472 3551 ύστε
489 3488 558 3551 τῶν
575 3479 688 3569 νόμων
700 3478 979 3566 ἀπαγορευόντων
990 3481 1069 3568 μηδὲ

82 3572 172 3654 Ὀὓς
201 3589 277 3649 τῶν
305 3581 429 3654 ἀλλων
452 3587 601 3674 πατέρας
626 3589 739 3663 κακῶς
761 3582 868 3667 λέγειν
887 3589 1084 3660 τεθνεῶτας,
