2370 3854
387 199 528 260 ΠΡΟΣ
546 197 772 259 ΑΦΟΒΟΝ,
997 197 1059 260 345
1118 190 1120 194 ¹

107 386 164 438 τας
179 362 285 445 ἔγωγέ
294 383 378 445 φημι
394 357 473 434 τοῦς
491 356 618 432 οἰκέτας
636 358 757 421 εἰδέναι
770 363 891 424 τοῦτον
905 363 1060 426 πωλοῦν-

108 458 222 541 τα,καί
234 461 443 540 παραδοῦναι
453 454 508 521 καὶ
517 453 591 520 τότε
601 456 656 519 καί
667 462 733 520 νῦν
743 452 870 538 ἤθελον
881 456 970 546 αὐτῷ
980 456 1062 524 τού-

109 581 176 623 των
186 554 301 622 όντινα
315 552 468 638 βούλοιτο
480 549 595 637 λαβὼν
607 556 803 636 βασανιξειν.
819 559 850 620 εί
867 560 983 621 τοίνυν
993 553 1060 641 φη-

110 673 160 722 σει
173 680 229 740 με,
256 650 316 719 τόν
328 651 438 718 εἰδότα
455 648 518 718 ούκ
530 653 688 718 ἐθέλοντα
706 651 879 736 ἐκδοῦναι,
904 649 983 729 τούς
997 650 1060 719 οὐκ

109 751 237 829 εἰδότας
248 747 429 833 ἐκδιδόναι,
453 747 539 816 πολύ
554 746 593 834 δὴ
610 755 737 834 μᾶλλον
751 746 840 838 αύτῷ
858 757 1060 836 παραλαβεῖν

110 848 292 936 φανήσεται
303 853 488 932 προσῆκον·
503 854 533 915 εἰ
542 848 617 933 γὰρ,
630 843 689 927 οὓς
700 843 743 926 ὡς
754 847 882 926 εἰδότας
893 852 1061 928 ἐξεδίδουν

110 945 190 1031 ἐγώ,
212 945 317 1031 μηδὲν
335 948 420 1029 ἔχειν
434 950 564 1030 ἔφασαν
580 945 709 1013 τούτων
725 945 846 1034 αὐτόν,
871 944 1060 1032 ἀπήλλακτο

61 1059 97 1113 30
111 1045 284 1131 δήπουθεν
301 1038 346 1110 δν
364 1051 422 1129 τῆς
441 1049 553 1124 αἰτίας.
597 1042 671 1113 ἀλλ’
699 1044 772 1131 ούχὶ
789 1047 945 1115 τοιοῦτόν
962 1050 1061 1131 ἐστιν,

109 1142 191 1211 ἀλλὰ
205 1150 319 1229 σαφοῦς
330 1139 374 1210 όίυ
388 1145 565 1228 ἐξηλέγχθη
578 1153 698 1210 πωλῶν
712 1146 766 1211 καὶ
780 1144 842 1229 τὴν
854 1143 952 1232 τιμὴν
964 1170 1062 1212 κεκο-

110 1245 273 1328 μισμίνος.
297 1241 411 1324 διόπερ
426 1241 504 1318 τούς
518 1238 789 1326 ὁμολογουμένως
803 1242 944 1322 δούλους
955 1262 1123 1331 παρα-856

110 1340 172 1427 βοὶς
189 1337 250 1406 τδυ
271 1339 452 1422 ἐλεύθερον
472 1335 566 1423 ἠξίου
583 1344 787 1425 βασανίζειν,
812 1336 853 1407 δν
874 1338 948 1409 οὐδ’
967 1342 1062 1410 ὅσιον

110 1442 337 1522 παραδοῦναι,
359 1433 396 1503 τδ
408 1441 543 1520 πρᾶγμα
558 1434 620 1502 ούκ
636 1435 732 1521 όῖγειν
744 1442 790 1515 εἰς
800 1442 935 1522 ἔλεγχον
947 1444 1062 1525 ζητῶν,

111 1532 195 1602 οἷλλόι
212 1532 256 1621 μὴ
270 1533 542 1623 παραλαμβάνων
552 1535 757 1621 βουλόμενός
774 1561 805 1601 τι
818 1539 929 1602 δοκεῖν
943 1539 1061 1622 λέγειν.

110 1636 185 1717 περὶ
205 1639 322 1701 τοίνυν
344 1633 482 1701 πάντων
501 1632 647 1715 τούτων,
673 1636 889 1720 πρῶτονμὲν
909 1637 984 1720 περὶ
1006 1644 1063 1721 τῆς

15 1748 17 1752 ’
110 1730 265 1818 προικὸς,
295 1730 361 1800 εἰθ’
380 1729 463 1818 ὑπὲρ
483 1723 532 1800 οἶν
548 1741 773 1818 καθυφεῖκεν,
796 1730 862 1800 εἰθ’
892 1729 976 1817 ὑπὲρ
996 1740 1063 1800 τῶν

111 1831 240 1914 ἄλλων,
263 1828 492 1915 ἀναγνώσεται
505 1831 584 1909 τούς
601 1855 636 1897 τε
649 1830 774 1916 νόμους
793 1832 848 1900 καὶ
864 1831 923 1912 τὰς
936 1858 1064 1918 μαρτυ-

112 1937 199 2016 ρίας,
213 1927 259 1995 ἵν’
273 1931 388 2014 εἰδῆτε.

361 2095 526 2156 ΝΟΜΟΙ.
553 2094 812 2155 ΜΑΡΤΥΡΙΑΙ.

69 2249 104 2301 40
197 2214 249 2282 Οὐ
259 2222 378 2281 τοίνυν
392 2214 499 2299 μόνον
517 2219 552 2282 ἐκ
569 2214 700 2280 τούτων
720 2209 763 2278 δν
778 2218 909 2296 γνοίητε
926 2211 977 2279 ὅτι
995 2217 1062 2279 δει·

112 2309 258 2380 τοιοῦδ’
277 2308 392 2379 ὁτοῦν
400 2313 549 2379 πέπονθε
562 2309 622 2377 τὸν
634 2309 818 2395 ἄνθρωπον
832 2307 894 2377 ούκ
908 2310 1063 2390 ἐκδόντος

112 2412 193 2494 ἐμοῦ
209 2412 414 2494 βασανίζειν,
439 2405 522 2474 ἀλλὰ
544 2410 599 2475 καί
622 2406 659 2476 τό
676 2414 810 2494 πρᾶγμα
830 2405 912 2474 αὐτό
937 2413 967 2475 εἰ
985 2411 1064 2476 σκέ·

112 2516 244 2585 ψαισθε.
279 2512 398 2591 θοὶμεν
414 2503 480 2592 γδρ
502 2504 542 2590 δὴ
559 2503 620 2575 τόν
637 2505 777 2574 Μιλύαν
796 2508 848 2574 ἐπὶ
863 2514 925 2574 τοῦ
942 2515 1064 2593 τροχοῦ

111 2610 373 2692 στρεβλοῦσθαι,
385 2607 440 2672 καί
449 2611 484 2672 τί
493 2602 624 2690 μάλιστ’
637 2599 681 2671 όίν
694 2602 798 2672 αὐτόν
811 2602 939 2684 εύξαιτο
956 2610 1064 2690 λέγειν

112 2711 296 2788 σκοποῦμεν.
330 2699 392 2789 ούχ
413 2702 550 2771 ὅτιτῶν
569 2702 745 2790 χρημάτων
766 2699 841 2771 οὐδ’
862 2701 976 2771 ὁτιοῦν
995 2702 1063 2771 οἶδε

111 2810 232 2870 τοῦτον
243 2808 374 2887 ἔχοντας
396 2806 450 2872 καί
463 2801 502 2889 δὴ
515 2807 612 2889 λέγει.
650 2801 704 2870 διὰ
720 2799 811 2870 τοῦτ’
825 2799 881 2888 ἄρ’
904 2799 966 2869 οὐκ
982 2807 1063 2887 ἐχει;

111 2906 238 2966 πολλοῦ
249 2925 288 2984 γε
299 2904 362 2967 δεῖ·
378 2902 456 2980 τοῦς
467 2898 531 2987 γὰρ
544 2901 671 2981 εἰδότας
682 2905 735 2970 καί
748 2902 901 2980 διδόντας
911 2904 965 2969 καὶ
978 2927 1064 2985 παρ-

112 2995 209 3072 όντας
228 2996 398 3081 μάρτυρας
416 3001 631 3086 παρεσχόμην
648 2999 722 3085 ἐγύ.
758 3002 933 3086 τεκμήριον
953 2999 988 3066 δὲ
1009 3000 1063 3064 καὶ

113 3100 219 3172 πίστις
232 3097 322 3162 ἐστὶν
335 3095 398 3164 οὐκ
409 3107 442 3165 εἰ
451 3104 500 3176 τίς
510 3124 541 3163 τι
560 3094 605 3183 μὴ
626 3095 695 3164 οἰδε
705 3105 827 3164 τοῦτον
841 3103 955 3180 ἔχοντα
970 3103 1064 3173 (πολ-

64 3213 93 3264 41
111 3193 162 3259 λοί
173 3189 236 3279 γὰρ
248 3187 292 3259 όίν
303 3192 391 3280 εἷεν),
404 3191 471 3262 ἀλλ’
485 3204 517 3262 εἰ
524 3221 571 3273 τις
584 3193 681 3263 οἶδεν.
696 3194 1064 3282 καταμαρτυρησάντων

110 3299 226 3360 τοίνυν
243 3316 307 3359 σου
322 3295 492 3362 τοσούτων
508 3295 689 3380 μαρτύρων
705 3300 769 3360 τίνι
786 3302 854 3361 τῶν
872 3298 1064 3378 ψευδομαρ-

109 3398 233 3475 τυριολν
246 3389 438 3477 ἐπεσκήψως
461 3397 577 3474 δεῖξον.
611 3391 687 3460 ἄλλ’
707 3391 769 3460 ούκ
787 3390 831 3461 όν
848 3401 932 3479 ἔχοις
949 3399 1068 3470 δεῖξαι.
