2370 3854
126 335 193 399 400
355 340 408 399 XL.
442 336 862 403 ΔΗΜΟΣΘΕΝΟΤΣ

126 501 217 566 ἐστιν
233 496 432 585 ἅνθρωπος,
453 499 510 565 καί
527 495 617 565 οὕτω
633 503 823 583 κακοῦργος
840 497 925 567 ὥστε
941 503 1016 587 περὶ
1035 495 1084 571 οὑν

125 592 170 665 άν
186 596 231 684 μη
247 603 305 685 ἐχη
319 597 490 685 μάρτυρας
504 596 750 682 παρασχέσθαι,
772 604 876 665 ταῦτα
886 597 987 686 φησει
997 599 1084 687 ὑμᾶς

125 700 266 784 εἰδέναι,
290 690 626 781 οὑάνδρεςδικασταί,
646 691 666 761 ὅ
677 694 799 772 πάντες
809 705 966 764 ποιοῦσιν
977 702 1011 767 οἰ
1018 725 1083 785 μη-

83 814 118 868 ⁵4
126 794 184 863 δέν
192 791 282 880 ὑγιὲς
292 801 453 882 λέγοντες.
476 791 569 881 ὑμεῖς
579 786 644 864 οὖν
653 792 713 860 ἐάν
723 820 755 861 τι
763 802 919 863 τοιοῦτον
928 797 1082 883 τεχνάζη-

124 919 189 978 ται,
199 891 244 980 μὴ
254 897 440 980 ἐπιτρέπετε
449 892 551 983 αὑτῷ,
562 890 636 961 ἀλλ’
650 895 839 982 ἐξελέγχετε,
850 897 906 964 καὶ
917 895 938 965 ὑ
945 924 977 965 τι
984 892 1026 965 ἀν
1036 894 1080 983 μὴ

124 992 263 1072 ἕκαστος
280 991 377 1080 ὑμῶν
394 998 482 1081 εἰδῇ,
503 993 587 1079 μηδὲ
602 989 663 1061 τὸν
674 998 817 1078 πλησίον
828 998 985 1080 νομιζέτω
997 997 1081 1064 εἰδέ-

124 1116 198 1175 ναι,
219 1089 293 1161 ἀλλ’
313 1091 455 1172 ἀξιούτω
472 1100 593 1161 τούτου
610 1088 850 1161 ἀποδεικνύναι
866 1102 980 1179 σαφοῦς
997 1091 1081 1179 ὑπὲρ

125 1181 174 1258 οὑν
190 1184 234 1258 ἀν
249 1193 346 1278 λέγη,
369 1192 426 1260 καί
442 1190 487 1277 μη
504 1187 591 1276 ὑμᾶς
601 1187 773 1275 φάσκοντα
786 1195 924 1277 εἰδέναι,
946 1195 1021 1278 περὶ
1033 1183 1082 1260 όν

124 1285 228 1368 αὑτάς
244 1284 346 1357 οὐδὲν
365 1290 429 1371 ἕξει
446 1295 551 1358 εἰπεῖν
572 1294 717 1375 δίκαιον,
740 1288 998 1374 ἀποδιδράσκειν
1020 1290 1082 1376 τὴν

124 1385 305 1476 ἀληθειαν,
328 1391 398 1459 ἐπεὶ
408 1391 463 1458 καὶ
473 1385 556 1475 ε’γω,
580 1382 740 1476 ύάνδρες
758 1392 924 1477 δικασταὶ,
945 1391 1082 1459 πάντων

91 1566 97 1573 ¹
123 1481 220 1573 ὑμῶν
241 1487 380 1556 εἰδότων
400 1485 441 1555 δν
462 1488 589 1572 τρόπον
609 1485 833 1574 ἀναγκασθεὶς
856 1486 874 1555 ὁ
891 1489 998 1577 πατήρ
1017 1515 1083 1576 μου

123 1587 300 1674 ἐποιήσατο
318 1587 474 1672 τούτους,
498 1586 599 1656 οὐδὲν
615 1579 717 1673 ἧττον
741 1588 912 1674 δικάζομαι
932 1596 997 1656 νῦν
1018 1586 1083 1657 αύ-

79 1705 115 1757 55
123 1701 192 1765 τοῖς
200 1688 257 1755 καὶ
267 1686 438 1773 μάρτυρας
449 1682 632 1766 ὑποδίκους
648 1689 862 1773 παρέσχημαι.
894 1695 1001 1756 καίτοι
1018 1686 1081 1756 οὐκ

125 1796 196 1865 ἰσος
212 1784 246 1873 γ’
269 1784 352 1873 ἡμῖν
374 1789 466 1856 ἐστιν
487 1783 506 1855 δ
530 1791 704 1873 κίνδυνος,
726 1784 800 1855 ἀλλ’
827 1789 899 1873 ἐμοὶ
920 1790 998 1873 μὲν,
1021 1782 1082 1855 ἐάν

124 1881 218 1970 ὑμεῖς
234 1885 312 1952 νυνὶ
328 1881 395 1954 ὑπδ
413 1885 545 1954 τούτων
562 1888 803 1972 ἐξαπατηθῆτε,
826 1882 889 1955 οὐκ
900 1886 1024 1965 ἐξέσται
1035 1890 1083 1953 ἔτι

125 1981 327 2050 δικάσασθαι
348 1985 424 2069 περὶ
445 1992 504 2071 τῆς
526 1986 678 2072 προικός·
699 1984 830 2063 τούτοις
853 1981 898 2066 δ’,
922 1989 953 2052 εἰ
976 1985 1081 2072 φασὶν

125 2076 248 2158 ἀδίκως
260 2078 495 2167 ἀποδιαιτῆσαί
502 2107 569 2168 μου
579 2080 641 2148 τόν
653 2079 823 2167 διαιτητὴν
832 2080 892 2160 τάς
903 2086 1013 2167 δίκας,
1026 2085 1081 2149 καί

123 2178 193 2248 τότ’
211 2182 288 2268 ἐξῆν
307 2186 352 2261 εἰς
370 2178 457 2268 ὑμᾶς
468 2185 596 2267 ἐφεῖναι
606 2182 661 2248 ιιαί
671 2186 737 2248 νῦν
748 2179 959 2267 ἐκγενήσεται
969 2179 1080 2267 πάλιν,

124 2277 185 2347 ἐάν
200 2280 405 2365 βούλωνται,
427 2277 506 2367 παρ’
527 2283 609 2366 ἐμοῦ
626 2286 741 2366 λαβεῖν
753 2282 789 2347 ἐν
800 2275 881 2367 ὑμῖν
891 2280 928 2349 τὸ
942 2284 1079 2348 δίκαιον.

78 2389 112 2443 56
124 2381 179 2447 καί
190 2375 254 2463 ἐγω
264 2379 326 2465 μὲν
333 2430 343 2464 ,
355 2377 430 2466 ἐάν,
443 2377 464 2447 δ
473 2377 517 2466 μὴ
531 2380 673 2466 γένοιτο,
683 2375 775 2465 ὑμεῖς
785 2406 825 2466 με
835 2381 1081 2467 ἐγκαταλίπητε,

124 2473 185 2562 οὑχ
203 2478 265 2557 ἔξω
282 2475 414 2576 ὑπόθευ
429 2492 551 2567 προῖκα
568 2483 669 2548 ἐπιδεᾶ
684 2488 725 2568 τῇ
735 2481 895 2567 θυγατρὶ,
917 2471 957 2567 ἧς
967 2487 1009 2568 τῇ
1020 2479 1081 2566 μὲν

124 2575 226 2661 φύσει
236 2576 345 2663 πατήρ
360 2582 441 2663 εἰμι,
460 2574 523 2663 τὴν
534 2574 565 2644 δ’
578 2577 710 2666 ἡλικίαν
722 2575 825 2663 αὐτῆς
835 2584 866 2646 εἰ
876 2584 994 2663 ἰδοιτε,
1017 2576 1080 2646 οὑκ

123 2673 168 2744 ἀν
187 2680 360 2761 θυγατέρα
381 2702 465 2763 μου,
489 2673 566 2746 ἀλλ’
587 2675 739 2764 ἀδελφὴν
760 2676 845 2745 εἶναι
861 2674 968 2766 αὐτὴν
984 2684 1081 2764 νομί-

123 2795 228 2843 σαιτε·
251 2767 346 2843 οὑτοι
363 2774 414 2860 δέ,
438 2772 500 2843 ἐάν
519 2773 611 2862 ὑμεῖς
627 2802 684 2862 μοι
700 2775 908 2864 βοηθήσητε,
933 2772 1079 2843 οὑδέυέκ

122 2883 191 2941 των
201 2879 297 2942 ἰδίων
308 2871 542 2960 ἀποτίσουσιν,
565 2873 641 2942 ἀλλ’
652 2877 689 2943 ἐκ
700 2881 759 2960 τῆς
768 2881 875 2950 οἰκίας
884 2870 924 2939 τά
936 2869 998 2956 ἐμά
1009 2875 1080 2959 ε’μοί
1092 2889 1157 2941 1025

121 2970 374 3055 ἀποδώσουσιν,
393 2969 437 3058 ἢν
447 2973 640 3057 ἐξειλόμεθα
651 2976 713 3056 μὲν
723 2978 821 3056 κοινῇ
831 2971 952 3048 πάντες
962 2977 1009 3050 εἰς
1017 2970 1080 3060 τὴν

66 3082 70 3089 ’
121 3075 246 3139 ἐκτισιν
264 3080 322 3157 τῆς
339 3072 492 3156 προικός,
515 3076 685 3149 οἰκοῦντες
702 3067 735 3137 δ’
754 3066 861 3157 αὑτὴν
878 3063 971 3139 οὑτοι
982 3071 1080 3158 μόνοι

76 3186 110 3241 ⁶7
123 3173 341 3238 διατελοῦσιν.
375 3168 452 3239 οὔτε
469 3170 534 3257 γάρ
551 3167 705 3257 ἁρμόττει
716 3197 773 3257 μοι
783 3177 954 3259 θυγατέρα
966 3175 1080 3257 ἐπίγα-

121 3294 188 3353 μον
204 3275 312 3353 ἐχοντι
329 3275 436 3339 οἰκείν
452 3267 534 3356 μετά
550 3269 731 3356 τοιούτων,
753 3277 789 3338 οἳ
803 3269 846 3337 ού
864 3270 972 3356 μόνον
985 3269 1083 3338 αὑτοὶ·

117 3365 270 3451 ἀσελγῶς
278 3373 397 3456 ζῶσιν,
419 3367 505 3438 ἀλλά
516 3371 572 3438 καί
583 3370 718 3456 ὁμοίους
728 3366 840 3448 αὑτοῖς
852 3369 985 3453 ἐτέρους
995 3376 1079 3437 πολ-

99 3462 190 3543 λθύε
200 3473 251 3547 εἰς
260 3466 328 3557 τήν
338 3473 452 3539 οἰκίαιν
465 3468 675 3558 εἰσάγουσιν,
686 3468 762 3537 οὔτε
774 3468 818 3555 μά
829 3466 890 3537 τόν
895 3466 953 3539 Δί’
968 3466 1079 3553 ἀσφα-

83 3556 149 3634 λὲε*
164 3561 266 3635 εἶναί
277 3595 341 3656 μοι
361 3577 492 3660 νομίζω
512 3577 620 3662 συζῆν
630 3568 763 3649 τούτοις
773 3571 808 3637 ἐν
818 3575 865 3657 τῷ
877 3566 977 3654 αὑτεζο·
996 3565 1084 3633 ‘imm
