2370 3854
378 235 521 295 ΚΑΤΑ
548 234 795 297 MEIAIOY.
1003 238 1062 298 101

118 395 218 480 μόνος
230 385 328 472 οὗτος
340 389 381 460 ού
393 395 621 478 παρέπεμπεν,
642 390 711 461 ἀλλ’
724 392 889 481 ἀμελήσας
899 392 994 480 ὑμῶν
1004 395 1065 480 χύ-

119 518 220 578 ρακας
231 496 286 559 καὶ
296 490 489 577 βοσκήματα
506 493 561 558 καὶ
570 492 755 577 θυρώματα
771 491 815 572 ὡς
825 491 929 563 αύτδν
940 497 996 562 καὶ
1006 493 1065 574 ξύ-

118 600 159 658 λα
170 589 266 669 είςτδι
279 586 408 676 ίργατά
426 586 586 675 ἀργύρεια
603 589 746 675 ἐκόμιζε,
768 590 1064 677 καδχρηματισμδς,

118 689 159 757 ού
175 694 363 773 λειτουργία
379 692 517 773 γέγονεν
532 684 553 773 ή
571 694 763 774 τριηραρχία
786 697 833 776 τῷ
849 689 1064 775 καταπτύστῳ

118 788 234 875 τούτῳ.
265 782 348 853 ύλλόι
359 783 428 871 μήν
439 782 484 863 τός
496 783 606 870 ἀληθῆ
619 789 702 870 λε’γω
714 785 849 852 σύνιστε
859 786 921 871 μὲν
931 785 970 853 τὰ
983 793 1066 853 πολ-

118 885 159 952 λὰ
172 885 311 969 τούτων,
325 882 415 969 ὅμως
426 884 461 950 δὲ
472 884 527 951 καὶ
536 883 706 970 μάρτυρας
716 882 796 970 ύμῖν
806 891 906 951 καλοῖ.

470 1048 721 1109 ΜΑΡΤΤΡΕΣ.

59 1203 110 1256 168
202 1190 318 1289 [Κλέων
327 1184 486 1291 Σουνιεύς,
501 1183 687 1291 Ἀριστοκλῆς
703 1181 881 1266 Παιανιεύς,
898 1172 1067 1291 Πύμφιλρς,

161 1267 331 1376 Νικήρατος
342 1266 557 1372 Ἀχερδούσιος,
582 1266 749 1352 Εύκτήμων
764 1267 927 1372 Σφήττιος,
949 1264 1050 1332 καθ’“
1033 1295 1068 1333 ον

162 1351 267 1454 καιρὸν
288 1355 321 1417 ἐκ
338 1349 465 1434 Στύρων
486 1348 665 1453 ἀπεπλέομεν
684 1358 770 1434 δεῦρο
791 1360 834 1433 τῷ
855 1349 947 1436 στόλφ
969 1355 1067 1432 παντί,

163 1433 300 1535 ἐτύχομεν
307 1442 549 1541 τριηραρχοῦντες
560 1436 610 1498 καλ
621 1429 704 1497 αύτολ
717 1413 974 1508 καλΜειδίαςὸ
936 1459 993 1497 νυν
993 1460 1068 1536 κρι-

163 1514 285 1620 νόμενος
301 1513 360 1580 ύπο
349 1508 648 1620 ’Δημοσθεναος,
623 1542 647 1579 ω
665 1524 897 1625 μαρτυροῦμεν.
912 1513 1021 1592 παντὸς
1037 1519 1069 1580 δὲ

164 1626 216 1664 του
202 1597 329 1664 στόλου
345 1600 492 1665 πλεόντων
509 1580 637 1679 ἕντύξει,
655 1601 706 1663 καὶ
721 1623 782 1663 των
791 1623 976 1683 τριηραρχων
986 1597 1067 1701 ἐχόν-
1076 1609 1130 1666 569

163 1710 222 1748 των
233 1679 436 1787 παράγγελμα
439 1679 480 1765 μή
492 1709 551 1766 χωρ
552 1686 666 1759 ίζεσθαι
677 1677 767 1756 ἕως
746 1708 786 1745 αν
803 1686 889 1764 δεύρο
907 1681 1068 1746 καταπλεύ-

164 1788 284 1869 συμεν,
279 1771 376 1830 Μειδί
375 1794 409 1842 ας
421 1763 613 1866 ὑπολειφθεὶς
629 1790 681 1829 του
667 1761 806 1867 στόλου,
826 1766 877 1828 καὶ
886 1761 1046 1846 γεμίσας
1015 1792 1071 1848 την

164 1857 239 1915 ναύν
249 1846 345 1927 ξύλων
361 1877 412 1913 και
428 1845 568 1933 χαράκων
585 1874 635 1911 και
625 1844 855 1950 ’βοσηημύτων
857 1850 908 1910 καί
918 1847 1016 1913 ἄλλων
1026 1874 1068 1912 τι-

162 1940 262 2035 νῶν,
260 1934 451 1996 κατέπλευσεν
468 1935 508 2007 είς
530 1937 660 2033 Πειραιᾶ
682 1927 772 2031 μόνος
789 1925 855 2012 μεθ’
872 1925 981 2037 ημέρας
1003 1929 1067 2012 δύο,

162 2042 212 2078 και
229 2011 264 2080 ού
281 2018 491 2097 συγκατέστησε
513 2039 565 2078 ἰον
586 2010 690 2078 στόλον
705 2010 776 2097 μετὰ
792 2021 853 2078 τῶν
869 2013 968 2079 δι’λλων
987 2041 1067 2098 τριη-

162 2096 298 2182 νάειν]

62 2248 111 2301 169
202 2245 247 2306 Εί
256 2246 372 2306 τοίνυν
383 2237 429 2316 ὡς
439 2236 584 2323 ἀληθῶς,
596 2229 753 2321 ύόίνδρες
759 2235 940 2323 Ἀθηναῖοι,
953 2234 1070 2318 οἷοίπερ

122 2337 221 2422 φήσει
230 2338 286 2402 καὶ
297 2334 610 2414 καταλαζονεύσεται
620 2331 704 2420 πρός
719 2330 807 2420 ύμᾶς
824 2331 942 2401 αύτίκα
954 2334 994 2419 δή
1006 2335 1071 2419 μύ-

122 2444 180 2515 λα,
198 2431 324 2499 τοιαύτ’
337 2424 382 2518 ήυ
399 2429 491 2521 αύτῷ
506 2429 547 2499 τὰ
564 2433 858 2518 λελειτουργημένα
876 2433 932 2499 καὶ
943 2455 1071 2516 πεπρα-

122 2535 241 2617 γμένα,
264 2533 319 2597 καί
338 2530 383 2616 μή
405 2537 542 2597 τοιαῦτα
560 2524 614 2598 οία
635 2527 698 2615 ἐγω
717 2527 868 2613 δεικνύω,
886 2526 961 2597 οὐδ’
981 2526 1070 2596 οὕτω

122 2631 230 2716 δήπου
249 2627 288 2697 τό
308 2655 346 2715 γε
367 2633 485 2697 δοῦναι
502 2633 599 2714 δίκην
615 2619 665 2694 ὦν
681 2625 821 2714 ὕβρικεν
831 2629 989 2712 ἐκφυγεῖν
1001 2641 1072 2704 ταῖς

122 2735 339 2814 λειτουργίαις
360 2733 485 2806 δίκαιος
504 2722 548 2794 δν
568 2719 621 2813 ήν.
654 2723 719 2811 ἐγω
731 2728 795 2812 γὰρ
813 2725 938 2794 οἷδ’ότι
955 2725 1072 2792 πολλοὶ

123 2827 228 2894 πολλὰ
248 2825 383 2911 κάγαθὰ
400 2823 487 2912 ὑμᾶς
509 2831 592 2893 είσιν
609 2826 831 2910 εἰργασμένοι,
853 2821 894 2892 ού
911 2822 995 2898 κατὰ
1012 2820 1071 2900 τας

123 2928 267 2991 Μειδίου
278 2930 492 3009 λειτουργίας,
503 2927 538 2990 οί
545 2921 606 3007 μὲν
616 2930 798 3010 ναυμαχίας
808 2921 1026 3008 νενικηκότες,
1039 2922 1073 2985 οί

125 3024 160 3089 δὲ
178 3023 288 3098 πόλεις
304 3021 490 3107 εἰληφότες,
513 3025 548 3088 οί
563 3020 598 3089 δὲ
614 3020 721 3090 πολλοὶ
738 3023 793 3088 καὶ
810 3019 894 3088 καλοὶ
912 3016 996 3102 ὑπὲρ
1013 3023 1071 3100 τής

68 3137 116 3191 170
125 3121 251 3197 πόλεως
262 3119 440 3206 στήσαντες
450 3116 605 3207 τρόπαια·
630 3117 697 3187 ἀλλ’
715 3117 804 3203 ὅμως
814 3114 928 3183 ούδενὶ
937 3113 1071 3181 πύποτε
1136 3167 1139 3171 .

125 3217 254 3284 τούτων
264 3216 639 3306 δεδιόκατετὴνδωρεδιν
654 3219 780 3300 ταύτην
797 3209 873 3280 οὐδ’
891 3209 934 3280 ἂν
950 3215 1070 3298 δοίητε,

126 3319 245 3394 ἐξεῖναι
260 3313 339 3393 τούς
355 3320 460 3394 ίδίονς
476 3313 619 3403 ἐχθρούς
634 3313 781 3401 ὑβρίζειν
797 3308 910 3379 αύτῶν
932 3311 1070 3400 ἑκάστην,

125 3410 218 3480 ὁπότ’
229 3407 272 3479 νίν
283 3411 442 3498 βούληται
452 3415 507 3481 καί
518 3409 897 3498 δνόνδύνηταιτρόπον.
918 3407 996 3479 ούδὲ
1006 3406 1072 3494 γὰρ
