2370 3854
235 321 237 326 .
269 227 412 290 ΚΑΤΑ
433 227 899 290 ΑΡΙΣΤΟΚΡΑΤΟΥΣ.
1000 230 1060 294 159

105 415 221 476 νομων
242 389 524 477 παρεγραψάμην·
557 396 610 458 δεῖ
637 389 673 457 δὲ
700 386 721 458 ἀ
748 393 835 475 λέγει
861 392 1058 473 σκέψασθαι.

105 485 189 556 κατά
199 495 268 556 τόν
277 489 536 573 ἐνδεικνύντων,
548 489 645 574 φησὶ,
664 485 743 567 τούς
753 489 926 569 κατιόντας
936 489 1059 577 ἀνδρο-

104 587 249 679 φόνους,
272 585 349 654 ὅποι
369 587 414 674 μὴ
434 592 553 673 ἔξεστι,
576 591 669 666 δίκας
685 587 796 672 φόνου
814 586 858 676 μὴ
877 588 970 659 είναι.
1004 595 1060 659 ἐν·

103 689 205 755 ταυδδ
216 687 278 755 δύο
290 690 503 773 δῃλοῖδίκαια
510 739 520 772 ,
532 683 644 772 ἅπας’
657 685 831 773 ἀμφότερα
841 681 939 767 οὗτος
950 700 1059 776 εἴρηκε

104 784 139 855 τό
158 788 329 874 ψήφισμα,
352 784 403 854 ότι
418 813 453 854 τε
471 786 680 854 ἐνδεικνύναι
691 790 805 854 δίδωσι
816 784 875 854 τόν
886 784 1059 873 ἀνδροφό-

102 912 165 952 νον
180 887 236 953 καὶ
253 882 316 952 ούκ
334 881 439 952 αύτόν
457 882 629 971 ἀγώγιμον
647 894 796 971 οἴχεσθαι
817 885 980 972 λαβόντα,
1003 890 1058 955 καὶ

102 983 169 1068 ὅτι,
186 981 247 1050 ἐάν
258 991 354 1072 κατίῃ
364 1010 412 1061 τις
423 980 501 1051 όποι
512 982 556 1070 μὴ
575 989 692 1070 ἔξεστι,
716 987 770 1052 καὶ
786 981 868 1051 αύτό
887 994 986 1053 τοῦτο
1006 990 1058 1054 δί-

59 1102 92 1154 52
104 1089 222 1168 δωσιν,
235 1081 296 1170 ούχ
307 1082 384 1151 ὅποι
396 1082 554 1169 βούλεταί
560 1109 616 1160 τις.
653 1081 716 1150 οὐκ
729 1087 830 1162 ἔξεστι
842 1084 878 1150 δὲ
890 1100 962 1165 τοῖς
975 1088 1008 1165 ἐξ
1018 1077 1058 1171 ἧς

103 1177 147 1249 ἀν
164 1182 273 1270 φεύγῃ
288 1209 338 1261 τις
354 1183 489 1260 πόλεως.
525 1190 593 1249 πού
612 1185 665 1248 καὶ
682 1181 814 1266 σφόδρα
833 1190 1056 1266 σαφῶςτούτο

102 1286 211 1368 δηλοῖς
233 1282 293 1350 ε’ἀν
310 1308 358 1360 τις
374 1288 485 1368 κατίῃ,
509 1286 599 1366 φησί.
618 1287 717 1348 τοῦτο
730 1276 759 1347 δ’
772 1277 835 1347 ούκ
846 1277 907 1346 ἔστ’
920 1282 1058 1367 ἐπενεγ-

102 1390 174 1443 κεῖν
193 1374 276 1464 ἀλλῃ
293 1378 388 1443 πόλει
405 1375 546 1463 πλῃνῆν
557 1373 602 1443 ἀν
611 1376 720 1465 φεύγῃ
731 1403 794 1455 τις·
812 1376 897 1444 ὅθεν
906 1378 971 1464 γάρ
981 1385 1057 1466 μηδ’

99 1479 232 1556 ἐξέπεσέ
249 1503 297 1555 τις
318 1473 380 1562 τὴν
397 1473 519 1562 ἀρχὴν,
542 1473 605 1544 ούκ
622 1481 672 1543 ἔνι
690 1475 799 1563 δήπου
815 1486 991 1546 κατελθεῖν
1009 1486 1056 1559 είς

99 1575 234 1661 ταύτην.
278 1573 378 1661 ὁμὲν
402 1581 518 1643 τοίνυν
538 1574 641 1662 νόμος
663 1577 802 1655 ἔνδειξιν
831 1580 967 1664 δέδωκε,
1001 1582 1056 1648 καὶ

99 1676 241 1762 ταύτην,
271 1671 314 1742 ἀν
335 1682 430 1764 κατίῃ
454 1674 532 1743 όποι
552 1673 596 1760 μὴ
620 1680 758 1754 ἔξεστιν·
790 1670 867 1742 ὁδὲ
889 1671 1055 1762 ἀγώγιμος

101 1781 183 1843 ἔστω
194 1776 340 1860 γέγραφε
350 1771 553 1857 κάντεῦθεν,
577 1771 653 1841 ὅποι
664 1773 802 1858 φεύγειν
813 1771 922 1852 ούδελς
933 1777 1055 1845 κωλύει
1151 1820 1154 1824 <

100 1873 211 1959 νόμος.

57 1991 113 2043 ὁδ’
185 1977 269 2059 Λέγε
280 1972 384 2041 ἀλλον
394 1972 508 2060 νόμον.

486 2162 664 2226 ΝΟΜΟΣ.
1061 2166 1113 2223 637

226 2279 308 2388 [Ἐάν
319 2310 362 2358 τις
376 2279 534 2391 ἀποκτείνῃ
548 2289 579 2349 ἐν
590 2284 727 2361 ἀθλοις”
708 2311 804 2387 ακων,
815 2315 860 2390 ῃ
823 2283 880 2350 ”gv
888 2283 949 2374 ὁδῳ
960 2299 1052 2352 καθε

145 2363 204 2429 λόιν
214 2393 239 2470 ῃ
257 2367 289 2427 ἕν
305 2362 451 2470 πολέμῃ’
434 2371 597 2475 ἀγνοήσας,
618 2397 639 2451 ῃ
626 2365 699 2432 Ὶ’ἐπὶ
710 2366 860 2475 δάμαρτι
844 2399 883 2474 ῃ
860 2351 936 2434 ἐπὶ
934 2369 1052 2476 μῃτρὶῃ

145 2451 180 2511 ἐκ
183 2445 348 2560 ’ἀδελφῃῃ
344 2431 410 2515 ἐπί
418 2454 563 2555 θυγατρὶ,
575 2480 597 2536 ῃ
583 2450 656 2516 ”gal
666 2449 833 2557 παλλακῃ“
812 2481 852 2538 ῃν
863 2479 948 2519 αν
912 2449 958 2519 ἕ
971 2457 1050 2519 ἕλευ

141 2536 242 2618 δόμοις
253 2537 356 2600 παισὶν
367 2537 426 2624 ἔχῃ,
438 2534 550 2601 τούτων
562 2537 647 2600 ενεκα
661 2532 701 2620 μὴ
713 2535 833 2622 φεύγειν
844 2565 892 2604 κτε
893 2543 1017 2622 ί.ναντα]

181 2670 340 2751 Πολλῶν,
354 2691 380 2732 ω
370 2662 511 2749 ανδρες
520 2663 706 2751 Αθηναιοι
718 2692 833 2752 νομων
843 2693 962 2751 οντων,
975 2665 1049 2750 παρ’

99 2759 157 2838 οὓς
175 2772 300 2847 είρῃται
316 2761 353 2830 τὸ
367 2764 538 2850 ψήφισμα,
561 2763 641 2849 παρ’
654 2761 776 2833 ούδίνα
788 2773 916 2850 μᾶλλον
926 2761 949 2852 ἢ
960 2767 1049 2852 παρὰ

97 2868 219 2927 τοῦτον
230 2860 290 2930 τὸν
302 2860 555 2949 ἀνεγνωσμένον
570 2871 636 2932 νύν
651 2874 783 2952 εῖμῃται.
821 2864 970 2944 διδόντος
985 2866 1049 2950 γὰρ

97 2968 158 3026 τοῦ
168 2959 275 3046 νόμον
287 2971 402 3048 σαφῶς
413 2961 535 3031 οὑτωσί
552 2967 607 3031 καλ
623 2966 778 3050 λέγοντος
794 2963 849 3050 ἐφ’
868 2963 917 3042 οἷς
933 2966 1051 3043 ἐξεῖναι

99 3072 239 3141 κτεῖναι,
263 3050 361 3138 οὗτος
377 3059 508 3130 ἅπαντα
525 3067 660 3149 παρεῖδε
675 3072 794 3148 ταῦτα,
816 3066 871 3130 καὶ
881 3064 1050 3147 γέγραφεν

99 3155 200 3224 οὐδὲν
212 3154 362 3225 ύπεικων
373 3156 464 3240 ὅπως
474 3159 517 3228 ἀν
527 3187 575 3239 τις
591 3159 784 3248 ἀποκτείνῃ,
807 3157 869 3245 τὴν
879 3168 1048 3246 τιμωρίαν.

54 3263 90 3316 54
98 3262 206 3324 καίτοι
218 3258 389 3337 σκέψασθε
402 3257 447 3339 ὥς
456 3257 555 3340 ὁσίως
569 3262 624 3328 καὶ
635 3267 743 3338 καλῶς
754 3261 875 3326 ἕκαστα
893 3263 1012 3327 διεῖλεν
1029 3257 1047 3329 ὁ

96 3363 200 3424 ταῦτα
222 3359 254 3437 ἐξ
278 3353 380 3444 ἀρχῆς
400 3359 530 3428 διελών.
560 3359 604 3428 ἀν
620 3387 668 3438 τις
684 3361 721 3427 ἐν
737 3355 855 3437 ἀδλοις
872 3354 1048 3448 ἀποκτείνῃ

97 3456 188 3531 τινὰ,
210 3463 333 3523 τούτου
354 3455 474 3541 ύοισεν
485 3455 548 3526 ούκ
559 3457 695 3527 ἀδικεῖν.
727 3453 782 3525 διὰ
793 3461 828 3525 τί
831 3485 839 3537 ;
861 3453 902 3524 ού
913 3453 950 3525 τό
962 3478 1041 3530 συμ-
