2370 3854
316 214 456 276 ΠΡΟΣ
475 214 850 280 ΝΑΤΣΙΜΑΧΟΝ.
1001 217 1064 285 463

111 375 161 445 ὅτι
173 378 228 444 καλ
239 375 396 461 γεγόνασι
404 375 558 461 χρήσιμοι
569 377 625 443 καὶ
636 379 778 461 ἔσονται,
790 376 859 445 ἀλλ’
872 377 923 447 ὅτι
933 382 987 448 καί
997 407 1064 466 χω-

112 481 162 561 ρίς
179 473 330 553 ὀνείδους
347 482 450 541 ταῦτα
467 470 542 560 παρ’
556 471 668 541 αὐτοῖν
686 473 767 561 ὑμίν
784 485 937 561 γίγνεται.
971 478 1063 566 ἡμεῖς

111 574 172 661 μὲν
190 583 307 644 τοίνυν
322 578 468 641 τοιοῦτοι
485 578 530 650 εἰς
546 569 632 659 ὑμᾶς
650 573 836 660 φανούμεθ’
848 575 957 657 όντες·
982 577 1062 646 τού-

111 699 188 751 τους
200 669 231 739 δ’
246 672 342 754 ἐάσω,
354 672 402 757 μή
413 696 453 758 με
465 677 554 755 φῶσι
564 678 673 751 κακοῖς
685 669 808 754 αύτούς
819 680 935 761 λέγειν.

68 791 100 846 27
196 768 247 839 Οὐ
257 777 374 837 τοίνυν
385 766 588 857 θαυμάσαιμ’
596 765 640 838 άν
650 776 680 838 εἰ
689 774 743 840 καί
755 775 914 858 δακρύειν
925 777 980 843 καί
990 781 1062 844 ε’λε-

110 867 220 948 εινοός
243 865 382 947 ἑαυτούς
402 877 565 959 πειρῷντο
586 883 702 938 ποιεῖν.
738 871 802 957 ἐμω
825 871 856 939 δ’
878 870 959 952 όξιω
979 874 1062 960 πρὸς

109 977 213 1037 ταῦτα
230 966 481 1055 ὑπολαμβάνειν
498 966 648 1048 ἅπαντας
666 967 752 1055 ύμάς
769 969 820 1038 ότι
831 978 899 1038 τοῖν
915 977 1061 1058 αἰσχρῶν

109 1073 187 1155 ἐστι,
200 1077 329 1156 μᾶλλον
340 1066 370 1136 δ’
383 1065 462 1137 ούδὲ
475 1073 627 1153 δικαίων,
651 1067 690 1135 τά
701 1067 763 1154 μὲν
774 1067 853 1137 ὄντα
864 1078 1061 1139 κατεσθίον-

109 1197 166 1249 τας
177 1173 232 1239 καλ
249 1176 493 1257 παροινοῦντας
511 1165 593 1252 μετά
614 1166 886 1253 Ἀριστοκράτους
904 1173 959 1237 καί
975 1180 1061 1238 Διο-

109 1272 235 1356 γνήτου
251 1273 306 1338 καί
322 1267 482 1337 τοιούτων
499 1267 619 1350 ἑτέρων
630 1273 772 1353 αἰσχροῖς
784 1270 839 1337 καί
856 1275 967 1348 κακῶς
978 1267 1060 1355 άνη-

108 1373 264 1453 λωκέναι,
287 1368 327 1437 τά
347 1365 379 1437 δ’
392 1364 547 1453 άλλότρια
566 1363 650 1434 ὥστε
660 1374 791 1454 λαβεῖν,
814 1368 972 1455 δακρύειν
983 1370 1061 1436 νυνὶ

86 1460 91 1504 :
109 1471 163 1536 καί
175 1469 298 1537 κλύειν.
322 1464 371 1536 ἐπ’
383 1470 520 1545 ἐκείνοις
530 1462 653 1534 ἐκλάετ’
666 1462 720 1552 άν,
733 1461 782 1546 οἷς
793 1471 939 1553 ἐποιεῖτε,
953 1471 1059 1534 δικαί-

110 1594 162 1646 ως.
185 1577 250 1636 νῦν
262 1566 294 1635 δ’
308 1564 349 1636 ού
361 1571 414 1635 δεί
422 1566 596 1652 δακρύειν,
615 1562 684 1635 ἀλλ’
698 1563 741 1645 ὥς
754 1563 815 1634 ούκ
828 1563 975 1651 ἀφήκατε
991 1571 1117 1646 dec-993

108 1665 242 1753 κνύναι,
255 1662 277 1753 η’
290 1663 333 1745 ὡς
345 1667 428 1734 εἰσίν
440 1657 488 1732 οἷν
500 1663 649 1752 άφήκατε
660 1658 762 1744 αὖθις
774 1662 853 1751 ὑμίν
866 1669 970 1750 δίκαι,
982 1662 1004 1752 ἢ
1016 1661 1059 1744 ὡς
1102 1727 1104 1731 .

108 1772 247 1854 εἰκοστῷ
263 1765 440 1852 λαγχάνειν
455 1769 519 1832 ἔτει
536 1764 666 1832 δίκαιόν
677 1767 760 1848 ἐστι,
777 1760 838 1832 τοῦ
851 1764 958 1849 νόμον
970 1761 1056 1831 πέντ’

108 1872 162 1953 ἔτη
174 1862 236 1952 τὴν
247 1870 455 1952 προθεσμίαν
468 1862 664 1942 δεδωκότος·
686 1872 787 1930 ταῦτα
798 1864 862 1948 γάρ
875 1867 963 1930 ἐστιν
975 1859 1058 1946 ὑπὲρ

64 1992 98 2046 ης
110 1956 158 2033 όν
171 1957 264 2034 οὗτοι
276 1965 475 2047 δικάζουσιν.
504 1964 564 2033 ἐάν
582 1965 618 2033 δὲ
634 1961 679 2051 μὴ
697 1963 864 2032 δύνωνται
875 1968 978 2031 ταῦτα
991 1966 1058 2029 δει-

108 2162 403 2250 άνδρεςδικασταί,
427 2163 574 2249 δεόμεθα
590 2164 634 2249 μὴ
647 2160 733 2248 ἡμᾶς
743 2165 907 2246 προέσθαι
917 2161 1057 2246 τούτοις,
1131 2146 1135 2159 ¹

106 2262 188 2347 μηδὲ
204 2263 365 2349 τετάρτην
382 2259 500 2330 οὐσίαν
523 2268 571 2330 ἔτι
592 2267 709 2330 δοῦναι
724 2275 811 2348 τρεῖς
827 2264 938 2347 ἑτέρας
948 2267 1059 2338 κακῶς

107 2362 323 2450 διῳκηκόσιν,
342 2359 386 2448 ἣν
402 2360 478 2446 παρ’
489 2362 637 2430 ἑκόντων
646 2365 768 2448 ἔλαβον
778 2367 848 2427 τοῖν
858 2360 1056 2447 ἐπιτρόπων,

105 2456 149 2545 ἣν
161 2455 248 2544 ὑπὲρ
267 2467 336 2527 των
359 2464 464 2528 δικῶν
486 2461 736 2548 εἰσεπράξαντο,
759 2458 807 2546 ἣν
823 2458 940 2547 πρώην
960 2457 1057 2546 άφεί-

106 2567 204 2627 λοντο
226 2564 345 2627 Αἰσίου
374 2563 471 2645 δίκην
497 2560 647 2645 ἑλόντες,
675 2556 745 2628 ἀλλ’
767 2556 855 2645 ἡμᾶς
876 2557 916 2626 τά
940 2555 1057 2644 ἡμέτε-

107 2684 159 2742 ρα,
173 2656 284 2746 ὥσπερ
296 2661 363 2728 ἐστί
374 2662 514 2744 δίκαιον,
524 2661 582 2726 ἐάν
593 2663 693 2745 ἔχειν·
718 2655 806 2726 δίκαλ
816 2655 897 2744 ὑμῖν
908 2660 997 2724 ἐστιν
1008 2651 1054 2723 ἐπ’

107 2754 250 2846 ω’φελείμ
267 2763 390 2843 μείζονι
407 2754 481 2842 παρ’
499 2754 580 2845 ημῖν
595 2757 677 2826 ὄντα
693 2754 716 2845 ἢ
733 2758 821 2842 παρὰ
833 2757 980 2841 τούτοις,
1001 2757 1057 2824 καί

106 2856 314 2940 δικαιότερον
341 2858 451 2945 δήπου
479 2855 518 2925 τά
539 2855 681 2944 ἡμέτερα
705 2855 790 2946 ἡμᾶς
819 2860 909 2926 ἐστιν
929 2849 1057 2942 ἔχεινῆ

105 2955 255 3034 τούτους.

192 3051 264 3121 Ούκ
285 3051 350 3122 οἷδ’
363 3053 385 3121 ό
400 3082 431 3122 τι
447 3059 500 3123 δεῖ
513 3061 614 3124 πλείω
633 3059 756 3141 λέγειν·
779 3052 869 3139 οἰμαι
886 3050 952 3138 γάρ
970 3049 1058 3137 ὑμᾶς

105 3149 206 3221 οὐδὲν
217 3151 353 3240 άμνοείν
363 3162 432 3221 τῶν
442 3157 632 3242 εἰρημένων.
653 3158 745 3241 ἐξέρα
756 3151 793 3221 τό
805 3151 909 3235 ὕδωρ.

462 3426 474 3433 «-
478 3424 659 3434 ..muna—mnu·—
662 3425 696 3433 η.-
