2370 3854
291 227 432 288 ΠΡΟΣ
449 224 735 286 ΠΑΝΤΑΙΝΕ
746 225 859 285 ΤΟΝ.
982 222 1047 287 449

98 385 204 458 αὐτὸν
224 386 411 470 δεικνύναι,
433 380 509 452 οὐδ’
534 379 650 450 ὁτιοῦν
671 387 837 471 διαφέρει·
858 382 901 453 οὐ
920 401 985 471 γαρ
1006 385 1043 452 τδ

97 487 297 576 γιγνώσκειν
305 487 360 554 καὶ
372 485 521 551 συνιέναι
527 479 567 549 τᾶ
579 486 690 549 δίκαια
700 479 797 568 ὑμῶν
808 486 973 563 ἐξαλεῖψαι
985 489 1046 552 δν-

97 588 242 673 κη’σεται.

56 719 90 772 35
182 683 273 771 Λαβὲ
292 681 331 769 δη
351 683 406 749 καὶ
423 679 483 748 τὸν
499 678 696 765 μεταλλικὸν
711 679 834 765 νόμον·
849 682 911 746 καί
926 678 990 765 γὰρ
1010 685 1046 748 ἐκ

99 784 222 854 τούτου
233 788 352 863 δείξειν
380 775 472 866 οἶμαι
488 777 551 846 οὐκ
568 771 676 845 οὖσαν
693 774 986 864 είσαγῶγιμουτὴν
999 782 1045 845 δί-

99 912 179 971 κην,
198 880 329 968 χάριτός
346 904 381 946 τε
400 873 448 945 ῶν
464 883 594 963 μᾶλλον
611 874 701 955 ἄξιος
715 870 738 962 ἢ
753 882 815 943 τοῦ
827 889 1047 961 συκοφαντεί-

101 992 190 1050 σλλαι.
214 980 296 1065 λέγε.

487 1062 662 1125 ΝΟΜΟΣ.

189 1169 297 1253 Οὗτος
318 1180 433 1259 σαφῶς
454 1169 472 1236 ὁ
495 1170 599 1253 νόμος
617 1168 777 1256 διῄρηκεν
794 1161 844 1236 ῶν
861 1167 946 1236 εἶναι
956 1174 1050 1249 δίκας

101 1275 262 1361 προσήκει
281 1267 483 1357 μεταλλικάς.
516 1265 644 1334 οὐκοῦν
665 1264 684 1333 ὁ
703 1266 764 1352 μὲν
780 1267 901 1353 νόμος,
922 1270 982 1336 ἐάν
1002 1296 1050 1347 τις

101 1377 208 1459 ἐξίλλῃ
226 1370 301 1438 τινὰ
322 1362 733 1454 τῆςέργασίας,ὑπόδικον
744 1379 848 1433 ποιεί·
867 1363 931 1450 ἐγῶ
945 1365 977 1432 δ’
990 1364 1049 1452 οὐχ
1060 1387 1111 1444 977

101 1467 193 1547 ὅπως
205 1463 307 1545 αὐτὸς
316 1470 444 1549 ἐξίλλω,
479 1460 547 1531 ἀλλ’
561 1454 609 1529 ῶν
620 1461 721 1541 ἄλλος
730 1468 852 1531 τοῦτον
868 1460 1049 1549 ἀπεστέρει,

100 1566 230 1634 τούτων
243 1567 383 1650 ἐγκρατῆ
395 1562 575 1648 κατέστησα
586 1561 641 1628 καί
651 1563 837 1647 παρέδωκα,
854 1563 911 1629 καὶ
921 1561 1048 1649 πρατὴρ

58 1663 223 1744 ςςτούτου
239 1664 418 1748 δεηθέντος
439 1658 609 1746 ἐγενόμην.
638 1660 712 1745 ναὶ,
740 1665 858 1746 φησίν·
882 1658 966 1728 ἄλλα
984 1657 1049 1728 κδίν

102 1761 183 1831 ἄλλο
195 1788 226 1828 τι
238 1759 335 1847 ἀδικῇ
346 1785 395 1836 τις
406 1756 531 1844 περὶτὰ
542 1760 702 1843 μέταλλα,
714 1760 770 1826 καὶ
784 1757 913 1826 τούτων
923 1762 985 1826 είσὶ
997 1763 1048 1826 δί-

99 1886 163 1928 και.
198 1856 310 1944 ὀρθῶς
327 1854 372 1941 γ’,
394 1848 650 1924 ῶΠανταίνετε·
672 1853 755 1924 ιἰλλά
773 1863 877 1923 ταῦτα
892 1863 927 1924 τί
941 1860 1047 1937 ἐστιν,;

100 1954 145 2025 ἂν
154 1956 245 2044 τύφῃ
255 1981 320 2038 τις,
331 1949 376 2020 ἂν
393 1951 480 2020 ὅπλα
496 1957 653 2042 ἐπιφέρῃ,
666 1949 711 2021 ἂν
728 1956 965 2043 ἐπικατατέμνῃ
981 1963 1049 2022 τῶν
1101 2010 1103 2015 .

100 2058 230 2142 μέτρων
241 2052 341 2130 ἐντός.
370 2049 460 2119 ταῦτ’
473 2058 542 2120 ἐστι
553 2052 673 2137 τᾶλλα,
692 2045 741 2120 ῶν
757 2051 858 2122 οὐδὲν
869 2054 978 2139 δήπου
989 2057 1049 2120 πέ-

101 2177 244 2237 πρακται
256 2147 531 2234 πρδςὺμιῖςέμολ,
555 2148 642 2235 πλὴν
661 2156 693 2221 εί
707 2147 787 2227 τούς
802 2153 1047 2236 κομιζομένους,

100 2248 289 2331 ἅπροείντό
301 2266 363 2333 σοι,
375 2243 449 2332 μεθ’
463 2245 576 2316 ὅπλων
587 2245 682 2333 ἥκειν
692 2253 842 2332 νομίζεις.
865 2253 896 2314 εί
905 2248 941 2314 δὲ
950 2245 1046 2314 ταῦθ’

100 2344 188 2432 ἡγεί,
210 2342 294 2428 πρὸς
310 2343 459 2422 ἅπαντας
474 2343 554 2423 τοὺς
570 2349 786 2432 προϊεμένους
794 2343 834 2414 τὰ
847 2347 975 2414 ἑαυτῶν
987 2353 1052 2413 είσί

58 2477 92 2531 37
102 2464 155 2532 σοι
166 2448 255 2512 δίκαι
264 2448 462 2528 μεταλλικαί.
485 2440 553 2511 ἀλλ’
567 2440 609 2509 οὐ
619 2447 755 2510 δίκαιον.
776 2446 857 2528 φέρε
867 2440 948 2528 γὰρ,
962 2441 1050 2522 ὅστις

102 2539 146 2610 ιλν
156 2543 317 2627 μέταλλον
329 2538 487 2627 παριὶτῆς
504 2542 631 2621 πόλεως
647 2549 795 2628 πρίηται,
818 2541 896 2620 τοὺς
915 2540 1051 2622 κοινοὺς

102 2639 283 2724 παρελθών
301 2640 442 2726 νόμους,
463 2638 541 2708 καθ’
553 2637 613 2719 οὓς
629 2643 684 2708 καὶ
695 2640 832 2709 διδόναι
849 2643 904 2708 καὶ
922 2642 1050 2728 λαμβά-

102 2764 174 2805 νειν
185 2747 266 2805 πᾶσι
277 2738 436 2827 προσήκει
446 2741 556 2824 δίκας,
574 2740 611 2807 ἐν
621 2753 691 2819 ταῖς
700 2748 906 2825 μεταλλικαῖς
918 2740 1051 2807 δικῶσε·

102 2864 172 2920 ται,
193 2835 253 2904 ἐὰν
271 2841 460 2921 δανείσηται
475 2837 566 2920 παρά
583 2837 644 2905 τού
662 2864 711 2925 τι,
731 2834 775 2905 δν
784 2847 894 2918 κακῶς
904 2835 1050 2926 ιἰκούσῃ;

102 2930 147 3003 ἂν
157 2932 285 3019 πληγάς
296 2935 398 3022 λάβίίλ
437 2933 482 3001 δν
499 2933 629 3022 κλοπὴν
648 2939 787 3023 έγκαλῃ;
810 2933 852 3004 δν
869 2957 1051 3022 προεισφο-

58 3029 221 3119 ρῃρίινμη
233 3036 417 3116 κομίζηταις
439 3027 483 3096 ἂν
494 3031 579 3109 ὅλως
596 3032 677 3099 ἄλλο
689 3059 735 3110 τι;
756 3031 819 3116 έγῶ
833 3033 894 3118 μὲν
915 3035 978 3102 οὐκ
1000 3035 1051 3102 οἶ-

101 3157 177 3216 μαι,
200 3127 352 3208 ἄλλοἰτίις
368 3129 563 3216 μεταλλικὰς
574 3127 658 3196 είναι
670 3133 763 3206 δίκας
773 3142 840 3206 τοῖς
850 3139 1051 3198 κοινωνοῦσι

104 3227 267 3314 μετάλλου
283 3229 338 3295 καὶ
359 3242 427 3306 τοίς
449 3233 494 3306 εἰς
517 3231 631 3311 ἕτερον
654 3226 879 3312 συντρήσασιν
895 3229 950 3295 καλ
967 3226 1052 3306 ὅλοις

102 3339 171 3404 τοῖς
188 3328 416 3412 ἐργαζομένοις
432 3325 472 3394 τοὶ
489 3329 631 3412 μέταλλα
648 3327 788 3394 καὶτῶν
804 3328 842 3394 ἐν
857 3333 903 3415 τῷ
918 3327 1010 3415 νόμφ
1022 3353 1053 3394 τι

104 3431 248 3508 ποιοῦσι,
260 3422 306 3515 τῷ
315 3427 351 3491 δὲ
363 3429 551 3494 δανείσαντι
560 3425 782 3513 Πανταινέτῳ,
793 3426 848 3492 καὶ
858 3423 946 3492 ταῦτ’
959 3424 1055 3494 ἄπει-

147 3520 283 3572 Demosth.
308 3520 365 3572 Vol.
387 3521 422 3572 ΙΙ.
774 3546 776 3552 ·
814 3523 849 3576 29
