2370 3854
175 169 240 245 ιοε,
364 164 924 233 xxx1v.AHM0mN0m·

172 336 331 416 ιιισχιλίας
342 327 488 413 δραχμάς
498 322 676 394 ἀποτίνειν.
687 324 730 393 σύ
742 326 777 394 δὲ
788 333 886 393 τούτο
897 324 958 411 μὲν
971 334 1029 415 τῆς
1039 349 1125 414 συγ-

173 436 305 516 γραφῆς
320 425 362 493 ού
378 424 574 512 λαμβάνεις,
590 422 832 513 παραβεβηκώς
848 425 880 492 δ’
893 422 1000 505 εύδύς
1014 425 1124 515 ἐξάρ-

172 535 231 614 χῆς
247 527 302 593 καί
317 523 357 594 τά
375 521 524 611 χρήματα
542 520 603 591 οὐκ
620 525 798 610 ἐνθέμενος
811 521 1124 615 άμφισβητελςπρός
1134 553 1177 608 9η

174 630 211 694 δν
221 628 311 714 ῥῆμα
321 633 390 692 τῶν
402 627 437 691 ἐν
448 630 489 711 τῆ
502 629 698 709 σνγγραφῆ,
709 624 764 690 καὶ
774 616 862 691 τοῦτ’
872 621 1049 712 ἀνηρηκῶς
1058 624 1124 695 αύ-

172 727 236 808 τός.
259 723 360 795 ὁπότε
370 724 434 809 γὰρ
448 724 542 810 ἐντῶ
552 722 717 809 Βοσπόρῳ
729 721 794 808 φῆς
804 719 848 808 μῆ
866 720 907 789 τά
917 720 1051 811 χρήματ’
1066 727 1124 793 ἐν·

170 833 297 895 θέσθαι
314 831 360 903 είς
376 821 439 910 τῆν
456 828 560 904 ναῦν,
582 819 667 889 ἀλλά
682 819 719 888 τό
735 827 932 911 χρνσίοντῶ
942 823 1120 912 νανκλῆρῳ

171 921 373 1007 ἀποδοῦναι,
389 926 423 988 τί
431 927 479 989 έτι
488 921 564 1002 περὶ
574 927 633 1006 τῆς
642 919 725 998 νεῶς
736 921 894 1006 διαλόγοις
914 918 956 989 ού
967 919 1032 1008 γάρ
1043 947 1121 1009 μετ-

127 1041 161 1096 34
172 1024 311 1107 έσγηκας
328 1026 389 1085 τού
405 1017 568 1085 κινδύνον
586 1015 639 1084 διά
657 1014 693 1085 τό
705 1017 986 1104 μηδένένδέσθαι.
1014 1023 1071 1089 καὶ
1081 1019 1119 1089 τὸ
1149 1020 1154 1027 ’

172 1119 234 1207 μὲν
244 1125 388 1202 πρῶτον,
401 1108 429 1184 οις
440 1113 561 1201 ἀνδρες
568 1111 737 1202 Ἀθηναῖοι
744 1166 754 1200 ,
767 1114 921 1204 ῶρμησεν
931 1121 983 1187 ἐπὶ
993 1119 1120 1206 ταύτην

171 1215 233 1304 τῆν
243 1224 377 1302 σκῆψιν,
389 1241 432 1293 ιις
442 1217 667 1301 ἐντεθειμένος
677 1213 718 1282 τά
728 1216 876 1303 χρήματα
887 1223 932 1305 είς
942 1214 1003 1303 τῆν
1013 1225 1118 1285 ναῦν·

171 1315 281 1402 ἐπειδὴ
308 1316 344 1384 δὲ
364 1322 464 1383 τοῦτο
487 1317 522 1381 ἐκ
544 1321 678 1382 πολλῶν
703 1320 840 1401 ἔμελλεν
858 1312 1118 1403 ἐλεγχθήσεσθαι

170 1415 391 1500 ψευδόμενος,
410 1418 451 1481 ,ἐκ
470 1439 506 1481 τε
528 1421 585 1499 τῆς
607 1411 805 1498 ἀπογραφῆς
827 1420 885 1500 τῆς
902 1416 939 1481 ἐν
954 1411 1117 1503 Βοσπόρῳ

170 1516 260 1598 παρὰ
276 1530 344 1593 τοῖς
364 1516 599 1598 ἐλλιμενισταῖς
615 1514 670 1579 καὶ
685 1508 752 1579 ὑπό
771 1519 840 1579 τῶν
856 1515 893 1579 ἐν
909 1519 955 1602 τῷ
973 1514 1117 1602 ἐμπορίῳ

169 1611 422 1698 ἐπιδημούντων
432 1611 515 1678 κατά
525 1608 585 1677 τόν
596 1609 701 1678 αὐτόν
711 1609 849 1696 χρόνον,
867 1617 1048 1696 τηνικαῦτα
1058 1636 1119 1697 με·

170 1709 414 1798 ταβαλλόμενος
426 1713 618 1776 συνίσταται
634 1709 715 1794 μετά
732 1716 792 1775 τοῦ
801 1706 974 1793 Λάμπιδος
984 1710 1040 1776 καὶ
1050 1734 1119 1794 φη·-

126 1830 160 1885 35
171 1812 225 1878 σὶν
233 1815 347 1896 ἐκείνῳ
359 1806 396 1875 τὰ
408 1813 546 1892 χρυσίον
556 1805 818 1892 ἀποδεδωκέναι,
839 1806 976 1891 ἐφόδιον
986 1806 1047 1893 μὲν
1056 1815 1119 1875 λα-

170 1905 242 1993 βῶν
253 1907 290 1973 τὸ
302 1906 363 1990 τῆν
375 1903 575 1989 συγγραφῆν
586 1904 746 1987 κελεύειν,
758 1901 820 1969 ούκ
833 1900 876 1969 ἀν
887 1901 1071 1989 ἡγούμενος
1083 1903 1115 1972 δ’

169 2001 255 2091 ῆμάς
274 1999 424 2084 εὐπόροις
440 2003 599 2085 ἐξελέγξαι
616 1999 679 2068 ὅσα
695 1999 792 2087 μόνοι
804 1997 892 2084 ’πρός
914 1997 1038 2078 αύτούς
1054 2002 1120 2069 αύ-

162 2104 220 2171 τοὶ
237 2102 404 2188 πράξειαν.
438 2103 493 2168 καί
512 2097 530 2167 ὁ
547 2098 696 2186 Λάμπις,
719 2097 781 2169 ὅσα
797 2102 859 2187 μὲν
877 2099 946 2168 είπε
962 2098 1046 2185 πρός
1063 2102 1120 2189 ἐμὲ

170 2205 249 2287 πρὶν
265 2199 331 2270 ὑπὸ
347 2201 471 2269 τούτου
488 2205 734 2287 διαφθαρῆναι,
758 2198 819 2268 ούκ
837 2199 931 2279 ἐντός
948 2196 995 2266 ῶν
1012 2197 1119 2267 αὑτοῦ

171 2322 274 2388 φησιν
286 2305 405 2368 εἰπεῖν·
428 2299 538 2386 ἐπειδὴ
552 2300 587 2368 δέ
598 2299 634 2367 τό
647 2305 786 2386 χρυσίον
796 2298 924 2388 τούμδν
934 2302 1117 2385 ἐμερίσατο,

170 2397 234 2469 τότ’
246 2397 340 2478 ἐντός
356 2397 442 2467 είναί
452 2421 555 2485 φησιν
573 2395 680 2466 αὑτοῦ
695 2403 750 2469 καὶ
767 2399 860 2469 πάντ’
872 2398 1016 2486 ἀκριβῶς
1032 2425 1119 2487 μνη-

170 2497 335 2585 μονεύειν.

122 2620 160 2675 36
255 2595 368 2684 Είμὲν
379 2590 490 2685 ούν,ῶ
498 2596 618 2685 ἀνδρες
629 2601 794 2682 δικασταὶ,
810 2603 892 2683 ἐμοῦ
902 2597 1011 2683 μόνον
1022 2624 1120 2667 κατε-

142 2745 147 2756 2
170 2697 290 2784 φρόνει
299 2697 441 2784 Λάμπις,
454 2695 554 2766 οὐδὲν
566 2693 609 2764 ἀν
619 2691 663 2783 ῆν
672 2695 884 2783 θαυμαστόν·
907 2705 972 2765 νῦν
989 2698 1025 2765 δὲ
1036 2706 1108 2767 πολ·

170 2802 219 2879 λῳ
237 2794 406 2877 δεινότερα
428 2793 550 2861 τούτου
574 2796 758 2875 πέπρακται
779 2793 868 2885 αύτῷ
888 2793 971 2879 πρός
993 2796 1118 2875 πάντας

170 2890 266 2978 ὑμᾶς.
289 2890 442 2976 κῆρυγμα
451 2888 516 2976 γάρ
527 2896 751 2978 ποιησαμένου
761 2896 971 2977 Παιρισάδου
982 2896 1019 2961 ἐν
1028 2888 1118 2963 Βοσ·
1168 2890 1173 2897 ’

170 2989 275 3079 πόρῳ,
287 2988 347 3057 ε’άν
356 3016 405 3068 τις
415 2988 576 3078 βούληται
585 2987 743 3079 Ἀθήναζε
755 2998 800 3070 είς
810 2989 846 3060 τό
856 2989 1001 3063 Ἀττικόν
1011 2994 1118 3080 ἐμπό-

172 3115 246 3176 ριον
257 3103 412 3174 σιτηγεῖν,
432 3087 532 3176 ἀτελῆ
548 3088 609 3158 τόν
619 3102 712 3159 σῖτον
729 3090 872 3177 ἐξάγειν,
895 3095 1063 3180 ἐπιδημῶν
1079 3095 1118 3163 ἐν

170 3195 217 3277 τῷ
224 3188 387 3275 Βοσπόρῳ
398 3184 417 3255 ὁ
429 3186 559 3275 Λάμπις
570 3194 666 3276 ἔλαβε
681 3189 744 3276 τῆν
761 3187 930 3276 ἐξαγωγὴν
944 3198 1006 3259 τοῦ
1022 3196 1118 3259 σίτου

170 3289 225 3355 καί
236 3284 297 3372 τῆν
307 3282 458 3357 ἀτέλειαν
476 3289 528 3354 ἐπὶ
538 3296 586 3377 τῳ·
600 3296 658 3374 τῆς
674 3287 800 3367 πόλεως
810 3286 964 3375 ὀνόματι,
982 3296 1116 3375 γεμίσας

172 3383 207 3449 δὲ
217 3393 304 3452 ναῦν
321 3385 468 3472 μεγάλην
486 3393 581 3457 σίτον
596 3387 751 3474 ἐκόμισεν
768 3394 814 3468 είς
826 3386 999 3458 ’Ἄκανθον
1022 3386 1119 3460 κάκεῖ
1127 3410 1177 3467 918
