2370 3854
117 188 181 250 312
323 189 431 246 xxvn.
454 181 870 245 ΔΗΜΟΣΘΕΝΟΤΣ

118 376 199 437 ιιην,
215 350 270 417 καὶ
281 345 441 434 λαμβάνει
457 342 498 412 τά
513 368 549 410 τε
564 348 683 429 χρυσία
694 349 752 427 τῆς
763 340 885 428 μητρός
895 340 1004 413 ααδτά
1015 348 1073 415 διι-

119 447 259 535 πιόματα
269 443 308 514 τά
321 445 592 528 καταλειφθέντα.
623 442 793 509 καὶταῦτα
805 441 866 527 μὲν
878 441 923 522 ὡς
932 450 979 523 ιίς
989 468 1073 513 πεν-

118 546 262 635 τήκοντα
271 551 357 632 μνᾶς
363 541 459 630 εἶχεν,
466 545 513 610 ἔτι
524 540 560 609 δὲ
570 547 639 607 τεόν
649 538 874 625 ἀνδραπόδων
884 563 1073 628 πιπρασκο-

117 649 229 733 μένων
238 642 328 726 παρά
336 668 372 710 τε
384 643 593 728 Θηριππίδου
603 640 658 708 ναὶ
666 647 896 725 Δημοφῶντος
906 638 966 721 τάς
975 640 1073 728 τιμάς

117 745 315 832 ἐλάμβανεν,
326 743 388 820 ἕως
399 737 654 825 ἀνεπληρώσατο
664 735 727 824 τὴν
737 752 867 824 προῖκα,
877 737 936 819 τάς
947 737 1072 827 ὀγδοη-

75 850 324 929 14ιιονταμυάς.
348 843 402 908 καὶ
414 837 524 924 ἐπειδὴ
537 836 633 923 εἶχεν,
641 840 773 905 ἐκπλεῖν
784 839 915 924 μέλλων
925 844 972 918 είς
980 842 1072 923 Κόρ-
1133 894 1136 901 .

118 967 226 1026 αυραν
243 938 440 1024 τριήραρχος
458 935 627 1023 ἀπέγραψε
644 943 748 1004 ταῦτα
766 934 848 1024 πρὸς
860 942 1071 1024 Θηριππίδην

118 1045 234 1125 ἔχοντα
252 1034 372 1105 ἑαυτὸν
387 1036 443 1104 καὶ
460 1032 624 1122 ιὸμολόγει
645 1043 844 1121 κεκομίσθαι
859 1035 922 1124 τὴν
937 1050 1069 1124 προῖκα.

1 1180 4 1187 -
119 1141 174 1206 καὶ
186 1132 530 1222 πρότονμὲντούτων
539 1142 716 1221 Δημοφῶν
726 1136 782 1204 καὶ
793 1140 1017 1223 Θηριππίδης,
1039 1138 1125 1213 olem

119 1234 242 1304 τούτου
259 1237 512 1320 συνεπίτροποι,
534 1234 699 1321 μάρτυρός
717 1239 816 1302 είσιν·
844 1239 891 1302 ἔτι
906 1235 944 1304 δὲ
960 1238 1016 1305 καὶ
1027 1234 1073 1316 ὥς

121 1333 221 1413 αάτδς
233 1331 395 1420 ὡμολόγει
405 1330 500 1400 ταῦτ’
512 1338 615 1419 ἔχειν,
640 1333 841 1421 Δημοχάρης
859 1359 895 1403 τε
911 1332 1072 1404 όΛευιιο-

118 1429 232 1517 νοεάς,
254 1429 346 1518 ὁτην
362 1434 484 1518 τηθίδα
494 1429 556 1518 τὴν
566 1429 651 1518 ἐμὴν
661 1438 762 1519 ἔχων,
783 1435 838 1500 καὶ
849 1431 946 1501 ἀλλοι
955 1436 1073 1503 πολλοὶ

77 1550 110 1603 15
118 1533 284 1620 μάρτυρες
299 1530 485 1616 γεγόνασιν.
520 1527 561 1598 οό
579 1529 645 1616 γάρ
662 1530 812 1611 διδόντος
835 1532 957 1602 τούτου
979 1548 1073 1602 σῖτον

118 1640 160 1719 τῇ
170 1630 277 1717 μητρὶ,
290 1626 352 1715 τήν
363 1644 483 1712 προῖκα
495 1633 644 1715 ἔχοντος,
657 1627 737 1698 οάδὲ
745 1629 806 1698 τόν
816 1629 911 1700 οδιιον
921 1641 1073 1719 μισθοῦν

119 1732 305 1814 ἐθέλοντος,
324 1724 406 1795 ἀλλά
416 1724 497 1813 μετά
509 1734 577 1794 τόν
594 1727 706 1796 ἀλλων
715 1729 905 1814 ἐπιτρόπων
915 1735 1073 1817 διαχειρί-

119 1835 186 1910 ζειν
198 1825 386 1909 ἀξιοῦντος,
405 1826 581 1913 ἐποιήσατο
597 1826 718 1913 λόγους
735 1831 810 1915 περὶ
827 1829 957 1899 τούτων
968 1827 986 1899 ό
997 1840 1073 1916 Δη-

119 1924 273 2013 μοχάρης.
316 1915 415 2001 οὗτος
437 1923 469 1991 δ’
492 1922 640 2003 ἀκούσας
669 1923 743 1992 οὔτ’
768 1922 998 2016 ἠμφισβήτησε
1025 1925 1071 2015 μὴ

120 2030 205 2110 ἔχειν
233 2021 314 2093 οὔτε
340 2029 490 2108 χαλεπῶς
505 2021 646 2108 ἤνεγκεν
670 2020 714 2101 ἀς
737 2020 799 2091 οὐκ
821 2025 977 2113 εἰληφώς,
1000 2023 1070 2094 ἀλλ’

122 2120 285 2210 ὡμολόγει
294 2125 355 2190 καί
361 2147 392 2189 τι
403 2118 526 2209 μικρόν
536 2126 600 2208 ἔφη
617 2119 701 2206 πρὸς
710 2120 773 2210 τὴν
783 2122 866 2210 ἐμὴν
876 2129 999 2211 μητέρα
1011 2151 1073 2194 πε-

121 2223 154 2307 ρὶ
171 2225 352 2307 χρυσιδίων
372 2217 620 2307 ἀντιλέγεσθαι·
640 2218 732 2288 τοῦτ’
752 2215 817 2291 οὖν
838 2223 1072 2311 διευκρινησά-

120 2346 220 2407 μενος
235 2321 291 2389 ιιαὶ
307 2321 453 2408 περὶτῆς
467 2328 595 2408 τροφῆς
608 2322 664 2390 καὶ
680 2323 753 2407 περὶ
771 2331 838 2389 τόν
850 2319 962 2390 ἀλλων
973 2320 1074 2408 ποιή-

81 2440 113 2495 16
121 2440 193 2488 σειν
204 2418 312 2497 οὕτως
323 2417 403 2487 ὥστ’
416 2424 503 2506 ἔχειν
512 2445 568 2506 μοι
580 2421 689 2487 πάντα
699 2428 817 2498 καλῶς.
846 2428 953 2488 καίτοι
964 2424 995 2487 εί
1003 2445 1074 2505 φα-

120 2517 256 2603 νήσεται
277 2517 360 2601 πρός
380 2544 416 2586 τε
437 2515 498 2586 τόν
517 2519 721 2606 Δημοχάρην
740 2517 836 2587 ταῦθ’
852 2516 1074 2606 ὡμολογηκώς

120 2617 175 2684 καὶ
186 2614 269 2699 πρός
279 2614 358 2695 τοὺς
369 2615 492 2696 ἀλλους
504 2623 538 2685 οἳ
552 2627 716 2703 παρῆσαν,
735 2620 825 2705 παρά
836 2645 871 2687 τε
882 2626 943 2688 τοῦ
954 2627 1073 2704 Δημο-

120 2720 253 2799 φῶντος
262 2715 319 2782 καὶ
334 2720 396 2782 τοῦ
408 2720 618 2802 Θηριππίδου
633 2724 702 2784 τόν
719 2715 942 2803 ἀνδραπόδων
953 2722 999 2796 είς
1008 2714 1073 2803 τὴν

120 2823 241 2896 προῖκα
251 2809 310 2890 τάς
319 2811 415 2898 τιμάς
430 2812 590 2899 είληφοδς,
614 2812 714 2894 αὐτός
729 2811 763 2882 θ’
776 2813 897 2884 ἑαυτὸν
913 2816 1072 2902 ἔχειντὴν

119 2923 240 2995 προῖκα
250 2905 447 2997 ἀπογράψας
458 2910 541 2997 πρός
551 2909 629 2992 τούς
637 2915 911 3001 συνεπιτρόπους,
923 2920 1026 2984 οίιιιόν
1036 2939 1071 2980 τε

119 3008 182 3097 τὴν
193 3006 422 3096 οίιιίανέπειδή
438 3008 573 3097 τάχιστα
590 3010 802 3098 ἐτελεύτησεν
819 3009 838 3081 ὁ
855 3009 980 3099 πατὴρ,
1001 3018 1072 3090 πῶς

120 3109 182 3178 οὐκ
199 3113 235 3176 ἐκ
252 3107 388 3178 πάντων
402 3105 673 3197 ὁμολογουμένου
689 3117 752 3177 τοῦ
768 3110 959 3198 πράγματος
975 3107 1073 3193 εὑρε-

120 3206 261 3294 θήσεται
271 3217 425 3296 φανερός
440 3209 502 3297 τὴν
519 3223 656 3298 προῖκα,
678 3207 959 3306 τάς-ὀγδοήκοντα
976 3216 1071 3296 μνᾶς,

121 3309 422 3394 ιιιιιομισμένοςιιαὶ
433 3315 508 3376 λίαν
518 3306 663 3388 ἀναιδῶς
679 3308 724 3395 μὴ
741 3315 856 3396 λαβεῖν
872 3303 1072 3392 ἐξαρνούμε-
