2370 3854
141 201 203 265 216
343 204 438 266 xxiv,
472 200 891 263 AHMOZOENOYZ

101 383 133 436 13
143 363 248 432 ἐδόκει
257 366 367 430 δίκαια
376 362 484 447 λέγειν
494 357 574 446 ὑμῖν
584 357 715 429 ἅπασιν.
738 361 1098 450 ἀναπηδήσαςἈνδρο-

142 470 222 531 τίων
239 462 294 530 καὶ
310 461 498 546 Γλαυκέτης
513 460 568 527 καὶ
584 460 794 540 Μελάνωπος
813 464 1001 544 (καὶταῦτα
1018 477 1163 536 ono-7⁰4

142 575 230 629 πεῖτε
253 554 296 627 ἀν
319 556 430 645 ἀληθῆ
451 562 550 644 λέγω)
574 558 697 646 ἐβόων,
719 558 949 649 ἠγανάκτουν,
971 566 1100 632 ἐλοιδο-

143 669 282 746 ροΰντο,
294 656 440 726 ἀπέλυον
451 655 529 737 τούς
540 657 767 744 τριηράρχους,
779 666 877 746 [ἔχειν
889 658 1099 748 ὡμολόγουν]

143 756 221 843 παρ’
242 761 370 836 ἑαυτοῖς
388 762 492 843 ζητεῖν
510 753 627 842 ἠξίουν
643 755 684 824 τά
694 757 852 844 χρήματα.
885 757 979 827 ταῦτ’
993 758 1100 828 ἀκου-

144 857 276 924 σάντων
289 853 402 942 ὑμῶν,
424 853 537 940 ἐπειδή
549 853 623 923 ποτ’
636 854 824 924 ἐπαύσανθ’
838 848 932 925 οὗτοι
942 863 1098 946 βοῶντες,

144 959 246 1024 ἔδωκε
267 953 404 1040 γνώμην
425 951 613 1041 Εὐκτήμων
635 952 681 1032 ἀς
702 953 849 1024 δυνατὸν
878 957 1098 1043 δικαιοτάτην,

143 1050 230 1138 ὑμᾶς
251 1051 312 1136 μὲν
335 1051 541 1138 εἰσπράττειν
558 1053 638 1132 τούς
653 1052 888 1140 τριηράρχους,
910 1058 1048 1135 ἐκείνοις
1065 1044 1098 1122 δ’

145 1150 229 1218 εἶναι
245 1150 320 1233 περὶ
336 1146 448 1217 αάτεάν
466 1155 512 1229 είς
527 1147 606 1230 τούς
623 1155 757 1237 ἔχοντας
772 1149 964 1238 ἀναφοράν·
988 1150 1048 1221 ἐάν
1065 1151 1097 1220 δ’

145 1248 392 1336 ἀμφισβητῆταί
398 1276 440 1334 τι,
453 1265 559 1319 ποιεῖν
570 1255 788 1337 διαδικασίαν,
799 1248 859 1320 τὸν
870 1256 891 1321 δ
894 1249 903 1275 '
915 1250 1101 1339 ἡττηθέντα

105 1355 266 1424 ιςτοῦτον
276 1344 424 1435 ὀφείλειν
434 1357 475 1438 τή
486 1349 588 1418 πόλει.
620 1349 808 1436 γράφονται
820 1346 857 1418 τδ
869 1349 1038 1438 ψήφισμα·
1055 1356 1103 1430 είς

145 1445 234 1534 ὑμᾶς
251 1451 422 1532 είσήλθεν·
444 1451 501 1516 ἵνα
514 1451 681 1535 συντέμω,
705 1448 788 1516 κατά
799 1448 878 1529 τοὺς
888 1449 1015 1536 νόμους
1026 1454 1102 1517 ἕδο-

146 1553 202 1625 ξεν
213 1551 367 1632 είρήσθαι
378 1548 433 1614 καὶ
444 1544 626 1634 ἀπέφυγεν.
658 1549 808 1616 ἐνταῦθα
821 1555 856 1615 τί
863 1556 1048 1634 προσήκενς
1060 1546 1100 1616 τά

146 1644 208 1731 μέν
218 1643 356 1733 χρήματ’
371 1651 456 1731 ἔχειν
466 1642 529 1732 τήν
539 1646 654 1731 πόλιν,
665 1643 725 1713 τάν
736 1645 768 1713 δ’
780 1645 1030 1733 ἀποστεροῦντα
1041 1672 1103 1715 κο-

148 1744 269 1825 λάζειν·
292 1744 400 1830 νόμον
418 1742 450 1811 δ’
469 1740 545 1811 οὐδ’
563 1741 680 1812 ὁτιοῦν
697 1740 836 1822 οὐδενὸς
854 1744 963 1831 δήπου
979 1749 1102 1830 προσέ·

146 1847 204 1910 δει.
222 1845 316 1928 μέχρι
324 1843 385 1927 μὲν
397 1839 437 1928 δή
448 1841 576 1910 τούτων
587 1840 687 1910 οὐδὲν
697 1838 847 1928 ἠδίκησθ’
857 1839 921 1909 ὑπὸ
935 1843 1103 1929 Τιμοκρά-

147 1965 225 2018 τους
236 1946 379 2007 τουτουί.
402 1937 483 2026 μετά
495 1947 599 2007 ταῦτα
611 1939 647 2008 δὲ
658 1938 757 2007 πάντ’
769 1938 943 2020 ἀνεδέξατο
954 1938 1009 2027 ἐφ’
1023 1940 1103 2010 δαυ-

146 2035 206 2105 τὸν
217 2034 255 2104 τά
269 2042 506 2125 προειρημένα,
524 2041 579 2108 καλ
590 2038 697 2106 πάντα
708 2036 900 2125 ήδικημένοι
909 2040 1099 2126 φανήσεσθ’

147 2132 213 2204 ὑπὸ
231 2137 369 2204 τούτου·
395 2150 465 2217 ταῖς
480 2137 545 2224 γάρ
562 2140 699 2207 ἐκείνων
716 2140 843 2224 τέχναις
854 2141 908 2207 καλ
919 2147 1103 2225 πανουργί-

148 2262 198 2314 αις
216 2232 389 2321 μισθεάσας
406 2233 512 2304 αὑτὸν
530 2239 584 2306 καὶ
602 2235 781 2324 παρασχών
792 2234 960 2326 ὑπηρέτην
970 2236 1025 2325 ἐφ’
1038 2237 1102 2306 αὑ-

146 2332 206 2403 τὸν
222 2333 326 2420 ήγαγε
344 2332 562 2423 τάδικήματα,
587 2334 631 2415 ἀς
646 2335 709 2422 ίγά
727 2344 842 2423 σαφῶς
853 2334 932 2423 ὑμῖν
944 2340 1100 2419 ἐπιδείξω.

99 2432 101 2437 ⁴
107 2452 137 2506 15
147 2431 275 2517 ἀνάγκη
293 2433 328 2500 δὲ
348 2442 483 2517 πρῶτον
499 2432 691 2521 ὑπομνῆσαι
709 2435 787 2513 τοὺς
797 2436 940 2522 χρόνους
951 2436 1037 2521 ἀμοῖς
1047 2441 1103 2506 καὶ

146 2527 208 2596 τόν
224 2529 342 2612 καιρὸν
359 2533 396 2598 ἐν
415 2523 444 2619 ᾦ
460 2537 574 2618 τίθησι
591 2531 653 2599 τὸν
668 2532 794 2617 νόμον·Ι
811 2532 941 2617 καὶγὰρ
953 2531 1103 2618 ὑβριστι-

147 2632 215 2706 κῶς
238 2626 533 2714 προσκεχλευακως
551 2627 637 2715 ὑμᾶς
657 2630 849 2718 φανήσεται.
884 2626 927 2718 ήν
951 2634 1012 2718 μὲν
1036 2630 1101 2718 γάρ

149 2724 375 2809 σκιροφοριάν
391 2725 458 2811 μήν
470 2730 506 2794 ἐν
518 2719 613 2815 ᾦτάς
623 2727 754 2815 γραφάς
764 2726 902 2815 ήττηντο
914 2731 1034 2797 ἐκεῖνοι
1044 2727 1103 2810 τάς

148 2819 231 2889 κατὰ
250 2829 312 2888 τοῦ
327 2820 561 2912 Εὐκτήμονος,
582 2825 834 2914 μισθωσάμενοι
856 2829 892 2896 δὲ
909 2836 1031 2897 τοῦτον
1047 2833 1102 2898 καλ

149 2918 227 2988 οάδδ
246 2929 551 3008 παρεσκευασμένοι
561 2923 601 2992 τά
615 2930 726 2994 δίκαια
737 2939 844 2994 ποιεῖν
855 2923 935 3012 ὑμῖν
946 2927 1029 2995 κατά
1040 2926 1102 3013 τήν

148 3017 276 3107 ἀγοράν
293 3022 491 3106 λογοποιούς
508 3032 672 3094 καθίεσαν
688 3024 733 3104 ἀς
748 3022 838 3094 ἀπλοῖ
854 3026 915 3112 μὲν
927 3026 1051 3114 ἕτοιμοι
1060 3023 1100 3092 τοὶ
1110 3042 1162 3097 705

108 3141 140 3196 [6
147 3117 286 3206 χρήματ’
299 3124 455 3207 ἐκτίνειν,
468 3127 568 3191 διπλᾶ
581 3122 616 3192 δὲ
626 3121 668 3192 οὐ
680 3122 890 3210 δυνήσονται.
913 3117 956 3210 ήν
966 3123 1003 3193 δέ
1011 3106 1099 3190 ταῦτ’

149 3221 265 3303 ἐνέδρα
287 3221 368 3305 μετά
388 3228 563 3308 χλευασίας
584 3225 639 3290 καλ
655 3221 925 3309 κατασκευασμὸς
942 3220 1025 3307 ὑπὲρ
1041 3229 1102 3289 τοῦ

148 3322 267 3384 λαθεῖν
290 3319 389 3386 τόνδε
412 3318 474 3390 τὸν
495 3320 602 3407 νόμον
622 3326 771 3389 τεθέντα.
816 3333 977 3407 μαρτυρεῖ
995 3317 1026 3389 δ’
1052 3316 1104 3389 ὅτι

147 3412 248 3478 ταῦθ’
269 3415 375 3496 οὕτως
392 3421 457 3503 ἔχει
473 3419 619 3506 τοῦργον
629 3417 714 3489 αάτά
722 3446 729 3460 ·
750 3428 819 3489 τοῖν
829 3419 890 3506 μὲν
900 3419 965 3507 γάρ
976 3416 1102 3505 χρημά-
