2370 3854
139 247 201 310 100
352 248 422 303 xxl.
456 241 877 303 ΔΗΜΟΣΘΕΝΟΤΣ

82 420 131 478 163
139 419 207 485 τοίς
223 403 305 490 μετά
321 411 426 470 ταῦτα
442 409 642 485 πραχθεῖσιν
658 396 712 465 ὑπ’
732 397 847 467 αὐτοῦ.
888 394 925 467 τὸ
947 403 1009 484 μὲν
1027 397 1094 485 γάρ

139 511 292 590 πρῶτον,
316 497 433 581 ύςούκ
445 499 569 582 ἐδόκει,
591 494 773 583 προιούσης
782 503 840 583 τῆς
857 501 1028 582 ἐκκλησίας
1037 501 1094 564 καὶ

139 604 249 688 λόγων
259 600 477 687 γιγνομένων,
485 606 543 684 τῆς
548 603 617 664 τοὶν
628 597 756 663 ἱππέων
766 601 925 680 βοηθείας
934 593 998 680 ἤδη
1010 598 1093 679 δεῖν,

140 698 207 769 ἀλλ’
228 694 453 765 άνεπεπτάκει
469 691 509 763 τά
527 702 585 780 τῆς
607 693 741 777 ἐξόδου,
763 690 827 761 οῦκ
847 690 1023 782 ἀνέβαινεν
1040 694 1094 760 ἐπὶ

140 800 200 887 τὴν
212 805 301 866 ναῦν
318 794 361 882 ἣν
379 797 561 879 ἐπέδωκεν,
584 790 668 860 άλλᾶ
686 791 747 859 τὸν
763 794 918 876 μέτοικον
934 792 1094 876 ἐξέπεμψε

139 897 199 967 τὸν
210 896 408 982 Αίγύπτιον,
415 894 605 979 Πάμφιλδν,
614 889 716 970 αὐτὸς
727 893 763 959 δὲ
771 893 882 977 μένων
892 891 1015 959 ἐνθάδε
1025 904 1095 968 τοὶς

139 1002 334 1072 Διονυσίοις
354 992 565 1074 διεπράττετο
586 989 681 1056 ταῦτ’
700 987 750 1074 ἐφ’
770 984 907 1067 οἱςνννὶ
929 993 1092 1073 κρίνεται·

2 1096 4 1101 ’
78 1110 129 1165 164
139 1093 250 1179 ἐπειδὴ
272 1090 340 1160 δὲὸ
360 1086 541 1177 στρατηγὸς
559 1095 700 1156 Φωκίων
723 1089 943 1173 μετεπέμπετο
965 1083 1043 1164 τούς
1060 1089 1095 1166 ἐξ

136 1191 318 1277 Ἀργούρας
329 1195 446 1267 ἱππέας
456 1191 509 1257 ἐπὶ
520 1187 581 1273 τὴν
593 1183 751 1273 διαδοχὴν
760 1188 816 1254 καί
825 1192 1020 1272 κατείληπτο
1032 1204 1095 1252 σο-

140 1290 328 1377 φιζόμενος,
349 1285 424 1355 τότε
440 1285 458 1354 ὁ
472 1284 580 1365 δειλὸς
597 1286 653 1354 καί
667 1285 850 1370 κατάρατος
861 1283 975 1353 ούτοσί
986 1282 1094 1351 λιπών

138 1388 201 1475 τὴν
211 1390 304 1470 τάξιν
321 1387 447 1474 ταύτην
465 1387 516 1453 ἐπὶ
527 1383 590 1471 τὴν
601 1391 690 1453 ναῦν
702 1381 819 1475 ᾤχετο,
842 1385 897 1452 καί
908 1374 1095 1466 οἱνὶππαρ-

16 1524 22 1529 ·
139 1503 208 1572 χεῑν
218 1484 337 1570 ἠξίωσε
348 1483 421 1567 παρ’
435 1483 516 1569 ὑμῖν
528 1487 665 1570 ἱππέων,
681 1484 812 1564 τούτοις
822 1480 864 1552 ού
876 1488 1092 1571 συνεξῆλθεν.

141 1590 173 1651 εί
184 1581 215 1650 δ’
230 1586 267 1650 ἐν
277 1590 318 1669 τῇ
329 1581 479 1669 δαλάττη
491 1581 649 1660 κίνδυνός
661 1607 709 1660 τις
726 1575 788 1667 ἦν,
807 1590 854 1662 είς
873 1584 935 1668 την
948 1591 1013 1670 γῆν
1030 1587 1094 1670 δῇ-

80 1701 129 1754 165
138 1689 199 1750 λον
216 1678 268 1747 ὅτι
285 1677 372 1770 ᾤχετ’
387 1678 439 1746 άν.
474 1677 515 1746 ού
532 1677 600 1765 μὴν
616 1680 806 1767 Νικήρατός
822 1707 861 1766 γε
877 1680 1014 1762 ούτωςὸ
1031 1691 1095 1749 τοῦ

138 1786 262 1848 Νικίου
273 1777 439 1863 άγαπητὸς
450 1790 536 1863 πασς,
550 1774 569 1844 δ
580 1778 792 1845 παντάπασιν
803 1776 956 1867 άσθενης
966 1788 1013 1870 τῷ
1024 1781 1094 1848 σοί-

138 1905 230 1965 ματι·
244 1874 319 1945 οὐδ’
332 1875 520 1962 Εὐκτήμων
530 1874 548 1942 ὁ
560 1883 623 1943 τού
629 1875 1003 1964 Αίσίωνος,ούχοῦτως·
1016 1875 1091 1947 οὐδ’

138 1974 345 2060 Εὐθύδημος
356 1970 374 2042 ὁ
385 1981 447 2041 τοῦ
458 1977 722 2057 Στρατοκλέους·
744 1975 814 2044 ἀλλ’
827 1975 940 2046 αῦτοὶν
955 1979 1093 2056 ἕκαστος

140 2070 228 2142 έκων
239 2071 374 2151 ἐπιδούς
384 2073 500 2159 τριήρη
513 2071 576 2141 οῦκ
588 2071 714 2157 ἀπέδρα
720 2076 825 2164 ταύτη
833 2073 896 2162 την
907 2082 1092 2161 στρατείαν,

140 2170 223 2240 ἀλλὰ
242 2169 304 2258 τὴν
321 2171 383 2256 μὲν
400 2175 571 2258 [ἐπίδοσιν]
589 2175 626 2239 έν
641 2173 773 2258 χάριτος
790 2175 884 2258 μέρει
900 2176 955 2240 καί
966 2178 1156 2255 δωρεᾶςςσε

139 2285 296 2358 παρεῖχον
307 2273 475 2339 πλέουσαν
486 2278 527 2359 τῇ
537 2270 642 2356 πόλει,
666 2264 709 2338 ού
719 2269 753 2338 δ’
765 2268 783 2338 ὁ
797 2271 899 2357 νόμος
910 2273 1089 2356 προσέτατ-

139 2397 213 2457 τεν,
231 2376 380 2439 ἐνταῦθα
398 2386 465 2449 τοῖς
482 2366 1089 2456 σύμασιναύτοίλειτουργείνἠξίουν.

79 2485 132 2540 166
141 2465 207 2534 ἀλλ’
220 2466 281 2552 οὐχ
291 2465 309 2534 ὁ
321 2473 482 2553 ἵππαρχος
493 2472 653 2549 Μειδίας,
676 2465 759 2534 άλλοὶ
777 2467 838 2551 τὴν
850 2470 885 2533 ἐκ
897 2472 965 2531 τῶν
976 2465 1092 2552 νόμων

140 2564 235 2644 τάξιν
245 2563 363 2648 λιπων,
376 2555 418 2630 οὗ
433 2568 530 2650 δίκην
541 2560 667 2649 ὀφείλει
679 2571 720 2652 τῇ
731 2564 826 2632 πόλει
837 2568 972 2649 δοῦναι,
996 2563 1088 2633 τοῦτ’

141 2666 179 2730 έν
196 2660 385 2747 εὐεργεσίας
401 2659 582 2746 άρυδμήσει
599 2663 700 2745 μέρει.
732 2667 839 2728 καίτοι
854 2660 917 2747 την
934 2663 1092 2747 τοιαύτην

140 2765 366 2844 τριηραρχίαν,
376 2754 403 2825 οἱ
414 2757 498 2845 πρὸς
508 2766 610 2844 θεῶν,
622 2759 766 2845 πότερον
775 2767 936 2828 τελωνίαν
945 2764 999 2829 καὶ
1010 2785 1092 2828 πεν-

140 2855 305 2942 τηκοστὴν
315 2858 372 2925 καὶ
383 2863 576 2936 λιποταξίαν
595 2858 649 2925 καί
661 2864 829 2940 στρατείας
840 2857 1025 2942 ἀπόδρασιν
1035 2863 1091 2927 καὶ

141 2954 249 3023 πάντα
260 2953 301 3022 τά
313 2948 449 3021 τοιαῦτα
461 2952 617 3040 ἁρμόττει
627 2963 750 3040 καλεῖν,
769 2951 791 3040 ἢ
803 2964 1008 3042 φιλοτιμίαν;
1029 2957 1091 3025 οῦ-

140 3056 219 3121 δένα
235 3052 299 3140 γάρ
317 3052 445 3137 τρόπον
459 3052 562 3120 άλλον
581 3057 618 3121 ἐν
633 3068 700 3132 τοῖς
712 3058 868 3121 ἱππεῦσιν
877 3054 980 3123 αὑτὸν
992 3054 1091 3143 άτελῆ

140 3158 275 3236 ποιῆσαι
292 3156 461 3237 στρατείας
480 3151 666 3238 δυνάμενος
674 3152 799 3237 ταύτην
815 3152 934 3240 εῦρηκε
949 3159 1091 3234 Μειδίας

139 3245 261 3334 καινὴν
277 3254 412 3336 ἱππικῆς
422 3249 496 3319 τινά
517 3250 752 3337 πεντηκοστήν.
782 3248 910 3335 καὶγὰρ
923 3243 967 3317 αύ
980 3259 1088 3320 τοῦτο.

79 3363 131 3420 167
139 3353 208 3412 τοὶν
227 3346 338 3414 ἄλλων
352 3347 510 3417 ἁπάντων
527 3356 596 3417 τῶν
610 3349 793 3417 ἐπιδόντων
810 3351 1015 3436 τριηράρχων
1026 3375 1090 3417 πα-

141 3444 385 3529 ραπεμπόντων
401 3444 504 3533 ὑμᾶς,
528 3445 583 3514 ὅτε
594 3445 681 3532 δεῦρ’
695 3444 866 3516 άπεπλεῐτε
883 3451 919 3515 έκ
936 3447 1089 3531 Στύρων,
1135 3530 1140 3539 .
