2370 3854
160 237 202 299 50
376 237 447 294 XXI.
480 231 821 293 ΔΗΜΟΣΘΕΝΟ
834 231 900 291 ΤΣ

160 398 215 466 καὶ
232 390 449 482 προσέχειν
414 419 475 460 τον
492 399 594 475 νοῦν,
617 388 707 468 ὅπως
724 387 768 477 66
786 387 984 477 βιασθητε
965 389 1114 476 αμαρτά-

162 522 242 564 νειν.
266 489 446 576 πολλὰγὰρ
458 487 567 610 6666,
587 513 612 554 α
600 480 761 573 ανδρες
755 497 938 574 Αθηναιοι,
958 488 1115 609 πολλάκις

161 591 223 661 οὐκ
235 589 446 675 ἐδιδάχθητε,
469 585 514 666 ὡς
529 592 596 654 ἔστι
608 590 734 671 δίκαια,
758 584 833 654 ἀλλ’
844 583 1065 675 ἀφῃρέθητε
1048 586 1114 656 υπδ

161 701 218 778 τῆς
228 698 295 758 τῶν
306 687 474 775 λεγόντων
484 694 633 772 κραυγῆς
644 688 701 753 καὶ
713 692 786 774 βίας
802 688 858 754 καὶ
873 685 1113 773 ἀναισχυντίας.

103 817 150 875 167
162 787 181 857 6
193 787 236 875 66
251 788 383 873 πάθητε
394 793 476 854 νῦν·
498 783 539 852 οὐ
550 783 615 871 γάρ
626 785 729 864 άξιον.
767 782 840 852 ἀλλ’
856 784 878 853 6
891 790 999 853 δίκαια
1011 785 1115 872 ἐγνώ-

160 912 254 974 κατε,
266 892 370 952 ταῦτα
375 882 547 1004 φυλάξατε
559 886 613 950 καὶ
625 884 866 969 μνημονεύετε,
884 886 944 962 ἕως
955 880 999 951 ι’ίν
1009 891 1116 970 ψηφί-

161 988 305 1072 οησθε,’
290 981 336 1050 ον’
350 1007 494 1066 ευορκον
504 991 616 1069 θησθε
625 1008 689 1069 την
700 981 910 1069 δῆφονκατά
921 981 1041 1050 τῶντά
1052 1006 1117 1049 πο-

162 1080 571 1202 νηρδισυμβουλευόντων
592 1079 797 1167 θανμάζωδ
812 1085 925 1166 ἔγωγε,
939 1087 969 1148 ί
939 1095 1044 1158 τοις
1054 1106 1116 1186 μεν

162 1182 198 1250 τὸ
218 1181 364 1267 νόμισμα
382 1183 617 1265 διαφθείρουσι
633 1179 781 1259 θάνατος
797 1177 878 1262 παρ’
898 1178 978 1267 ὑμῖν
995 1160 1114 1264 ἐστινὴ

163 1288 274 1366 ζημία,
296 1275 414 1356 τοῑςδ
432 1277 516 1365 ὅλην
531 1277 594 1365 την
612 1278 714 1347 πόλιν
729 1282 889 1366 κίβδηλον
904 1281 960 1348 καὶ
977 1278 1117 1347 άπιοτον

162 1387 296 1448 ποιοῦσι
307 1378 410 1464 λόγον
422 1379 551 1447 δώσετε.
575 1405 616 1446 ου
607 1378 668 1465 ’δή
680 1375 789 1463 πούγ’
793 1429 803 1464 ,
817 1403 843 1445 ω
832 1371 922 1446 Ζεῦ
933 1405 987 1445 και
976 1379 1084 1446 θεοί.

250 1474 322 1544 Οὐκ
344 1474 406 1544 οἶδ’
428 1475 449 1543 6
464 1505 495 1544 τι
512 1483 563 1546 δεῖ
579 1485 679 1546 πλείω
696 1480 820 1561 λέγειν·
844 1475 934 1564 οἶμαι
949 1474 1014 1562 γάρ
1031 1472 1117 1560 ὑμᾶς

164 1574 264 1643 οὐδὲν
274 1573 409 1658 ἀγνοεῖν
420 1582 487 1641 τῶν
499 1579 689 1662 εἰρημένων.

492 1773 784 1782 -—-·—-—---——-—-=-

190 2081 310 2146 ΚΑΤΑ
334 2081 543 2148 ΜΕΙΛΙΟΥ
561 2083 682 2150 ΠΕΡΙ
706 2084 805 2150 {mr
825 2081 1091 2150 KONAYAOY.

530 2244 753 2304 ΤΠΟΘΕΣΙΣ.

161 2353 340 2452 Ἑορτην’
321 2393 394 2474 6606
405 2363 455 2431 06’
452 2377 603 2451 Αθηναῖοι
620 2369 774 2459 Διονάσρι,
797 2366 837 2484 δρα
853 2362 1014 2434 ἐκάλουν’
997 2361 1054 2431 απδ
1066 2373 1118 2428 τοῦ

166 2468 240 2524 θεοῦ
252 2455 411 2562 Διοράσια
435 2460 466 2520 ἐν
478 2461 510 2520 δὲ
520 2458 610 2545 ταάτη
621 2436 754 2542 τραγικοδ
765 2461 816 2521 καὶ
828 2460 953 2557 κάμινον
965 2483 1016 2518 και
1006 2450 1117 2535 αὐλη-

166 2550 225 2606 τῶν
242 2565 320 2622 χοροι
313 2540 553 2639 διηγωνίζοντο
586 2522 781 2642 ίιαθίρτασαν
782 2543 814 2602 δὲ
825 2536 892 2612 τοὺς
902 2534 1006 2619 χοροὺς
1018 2542 1051 2599 αί
1057 2562 1117 2641 φυ-

167 2629 231 2705 λαί,
254 2624 325 2685 δέκα
341 2618 552 2724 τυγχάνουσαι
573 2620 755 2731 χορηχδς
712 2625 744 2687 δὲ
761 2613 799 2705 ἦν
818 2619 938 2724 ἑκάστης
950 2617 1067 2701 φυλῆς
1056 2646 1071 2684 ο
1083 2616 1118 2684 τά
1129 2632 1182 2686 509

168 2671 345 2787 άνάλάματα
355 2701 531 2788 παρέχων
501 2733 537 2769 τα
547 2709 613 2790 περὶ
624 2732 676 2771 τον
687 2703 781 2790 χορόν
815 2731 831 2768 ο
818 2701 949 2767 ’τοίνυν
962 2707 1117 2810 Δημοσθέ-

168 2819 221 2873 νης
232 2798 284 2869 τῆς
296 2791 399 2852 ἑαυτου
387 2795 523 2869 φυλῆς,
546 2798 597 2871 τῆς
608 2793 822 2867 Πανδιονίδος,
845 2782 1024 2869 ἐθελοντὴς
1008 2791 1118 2869 υπὲστη

168 2870 306 2984 χορηγός.
333 2872 431 2981 ἐχθρῷ
448 2874 480 2936 δὲ
496 2876 715 2978 κεχρηρρὲνρς
685 2900 726 2936 τω
714 2875 873 2958 ’,Μειδία
896 2898 955 2936 των
971 2876 1118 2936 πλουσίαν

170 2961 223 3038 666,
236 2956 309 3060 φησὶ
315 2956 372 3060 666
383 2980 434 3018 και
424 2954 519 3019 άλλα
529 2954 610 3041 παρά
620 2956 676 3062 την
682 2936 875 3065 χορηγίαν
838 2981 928 3020 αντου
915 2957 1120 3020 πεπονθέναι

170 3049 283 3120 κακῶς,
295 3066 327 3105 το
315 3038 371 3142 66
381 3047 545 3104 τελευταῖον
556 3043 649 3105 ἐπὶ
613 3068 664 3118 της
675 3038 835 3141 ὀρχήστρας
846 3039 1007 3115 κονδύλους
1019 3043 1120 3122 ἔλαβεν

171 3128 305 3189 ἐναντίον
314 3121 434 3188 πάντων
444 3131 505 3188 τῶν
514 3134 638 3189 θεατων.
668 3127 715 3188 ἐπὶ
725 3122 819 3213 τούτῳ
830 3123 1051 3232 κατηγόρησεν
1038 3125 1069 3186 ἐν
1080 3127 1121 3221 τῷ

172 3208 257 3312 6666
278 3215 330 3272 τοῦ
349 3205 520 3272 Μειδίου
502 3235 540 3285 ως
547 3203 783 3313 ἠσεβηκότος’
757 3234 797 3284 εις
812 3204 866 3289 τὴν
884 3203 1001 3308 ἑορτὴν
1004 3200 1121 3270 καὶτὸν

92 3366 95 3371 ,
172 3289 336 3357 Διόνυσον·
360 3288 554 3356 ε’καλεῐτοδὲε
518 3319 690 3374 ητοιαυτη
701 3296 859 3396 κατηγορία
870 3288 1009 3394 προβολη
1042 3286 1057 3352 6
1069 3291 1122 3370 μὲν

93 3449 95 3453 y
173 3377 229 3441 οὐν
240 3378 331 3480 66606
343 3379 508 3458 κατέγνωκε
521 3402 573 3440 του
560 3372 755 3440 Μειδίου
724 3403 779 3458 την
780 3371 941 3481 6666666,
964 3369 1121 3457 άγωνίζον-

172 3485 220 3525 ται
239 3457 271 3520 δὲ
286 3465 344 3522 νῦν
361 3460 392 3522 ἐν
409 3464 585 3548 δικαστηρίῳ
596 3461 663 3546 περὶ
674 3469 724 3543 τῆς
741 3469 793 3525 τοῦ
811 3461 906 3543 δήμου
924 3479 1123 3539 καταχειροτο
