2370 3854
129 209 171 276 76
349 215 422 272 xxl.
454 210 873 272 ΔΗΜΟΣΘΕΝΟΤΣ

105 456 110 463 1
129 371 255 459 νόμων,
268 375 323 440 καί
334 370 545 458 παράδειγμά
555 395 592 455 γε
604 378 685 437 πᾶσι
700 371 859 455 γενέσθαι
875 383 943 449 τοῖς
959 368 1088 454 ἄλλοις,

130 469 182 538 ὅτι
203 468 282 548 τούς
303 467 498 557 ὑβρίζοντας
520 467 671 546 ἅπαντας
688 469 744 535 καί
759 464 839 546 τούς
855 464 1003 554 ἆσελγεῖς
1021 462 1089 535 ούκ.

131 566 237 637 αὐτὸν
249 568 440 655 ἀμύνεσθαι
451 564 533 653 μετὰ
547 574 606 652 τῆς
618 562 729 651 ὀργῆς,
748 561 817 633 ἄλλ’
829 561 879 651 ἐφ’
892 563 979 651 ὑμᾶς
989 563 1086 650 ύγειν

131 670 190 751 δεῖ,
214 663 258 744 ὥς
278 667 510 754 βεβαιούντων
531 661 628 749 ὑμῶν
649 666 706 731 καλ
723 664 961 747 φυλαττόντων
977 663 1036 741 τὰς
1046 664 1086 730 έν

129 779 198 844 τοῖς
208 766 324 852 νόμοις
334 779 403 845 τοῖς
413 771 566 832 παθοῦσι
577 767 746 849 βοηθείας.
1032 844 1036 853 Ι

88 891 121 948 γη
216 863 317 950 Οἶμαι
326 869 444 931 τοίνυν
454 859 547 941 τινας
558 859 666 946 ὑμῶν,
679 851 707 927 ὦ
718 859 837 944 ἄνδρες
848 860 1007 943 δικασταὶ,
1019 882 1085 926 πο-

129 959 357 1030 θεῖνύκούσαι
367 960 429 1047 τὴν
439 966 576 1047 ἔχθραν,
584 958 656 1044 ἥτις
666 951 709 1044 ἦν
720 956 800 1045 ἡμῖν
810 956 894 1044 πρὸς
905 956 1083 1043 ἀλλήλους·

129 1066 275 1146 νομίζειν
287 1061 352 1145 γὰρ
363 1058 486 1128 ούδέυα
497 1054 542 1126 δν
552 1055 747 1142 ἀνθρώπων
758 1055 1017 1141 ούτιοςιίσελγοῐς
1027 1058 1085 1122 καὶ

128 1165 244 1244 βιαίως
256 1155 371 1226 ούδενί
384 1165 454 1226 τοῖν
474 1163 621 1226 πολιτῶν
640 1155 846 1242 χρήσασθαι,
868 1153 912 1241 μὴ
934 1153 1085 1242 μεγιίλον

129 1254 219 1334 τινὸς
229 1254 326 1335 ὄντος
336 1253 357 1324 δ
368 1254 459 1345 αύτῷ
470 1260 704 1340 προωφείλετο.
722 1254 890 1340 βούλομαι
897 1249 938 1339 δὴ
946 1252 1085 1337 καὶπερὶ

128 1353 249 1438 ταύτης
259 1351 341 1439 ύμῖν
350 1356 384 1434 ἐξ
396 1351 497 1440 ἀρχῆς
508 1360 613 1422 εἰπεῖν
619 1355 674 1421 καὶ
682 1353 917 1439 διηγήσασθαι,
923 1349 964 1419 ἵν’
974 1347 1080 1436 εἰδῆθ’

129 1450 181 1519 ὅτι
191 1453 247 1519 καί
257 1450 386 1520 τούτων
397 1449 544 1538 ὀφείλων
551 1458 648 1537 δίκην
654 1448 848 1536 φανήσεται.
861 1447 995 1518 ἔσταιδδ
1005 1449 1084 1532 περλ

129 1547 243 1616 αὐτῶν
255 1546 382 1636 βραχύς
397 1547 415 1616 ὁ
434 1549 549 1635 λόγος,
569 1546 636 1618 κᾶν
648 1549 786 1616 ἄνωθεν
803 1550 965 1635 ἄρχεσθαι
982 1550 1082 1616 δοκιό.

87 1644 228 1733 ῖθὴνίκα
239 1643 298 1725 τοὶς
309 1650 402 1725 δίκας
412 1652 530 1732 ἔλαχον
547 1655 616 1714 τοῖν
628 1647 793 1734 πατρηίων
803 1661 872 1725 τοῖς
879 1645 1083 1731 ἐπιτρόποις,

128 1745 365 1832 μειρακύλλιον
384 1740 434 1812 dv
449 1748 572 1831 κομιδῇ
592 1746 647 1812 καὶ
664 1753 784 1812 τοῦτον
803 1739 876 1813 οὐδ’
897 1750 928 1812 εἰ
943 1747 1084 1828 γέγονεν

128 1841 223 1922 εἰδοδς
233 1842 313 1911 οὐδὲ
323 1842 529 1930 γιγνώσκων,
544 1841 589 1922 ὥς
600 1842 682 1928 μηδὲ
693 1850 760 1911 νῦν
771 1841 920 1928 ὤφελον,
938 1841 1013 1909 τότε
1023 1865 1083 1927 μοι

127 1947 322 2028 μελλουσῶν
333 1943 469 2010 εἰσιέναι
486 1949 554 2009 τοῖν
566 1946 670 2011 δικῶν
680 1947 726 2020 εἰς
735 1938 864 2028 ἡμέραν
875 1939 1016 2023 ὥσπερελ
1025 1965 1083 2007 τε-

127 2041 252 2125 τιίρτην
262 2035 284 2126 ἢ
294 2041 447 2124 πέμπτην
458 2042 680 2128 εἰσεπήδησαν
692 2037 837 2125 ἁδελφὸς
853 2037 872 2107 ὁ
890 2039 1012 2107 τούτου
1024 2041 1082 2105 καί

127 2129 225 2215 οὗτος
237 2137 351 2223 εἰς’τὴν
362 2142 471 2204 οἰκίαν
480 2137 703 2218 ἀντιδιδόντες
714 2146 936 2226 τριηραρχίαν.
957 2136 1082 2205 τούνο-
1104 2201 1121 2219 ,

125 2261 171 2320 μα
182 2237 244 2320 μέν
256 2232 296 2321 δὴ
308 2239 472 2322 παρέσχεν
484 2239 619 2322 ἐκεῖνος,
637 2231 744 2324 καὶῆν
755 2236 773 2306 δ
786 2235 976 2314 ἀντιδιδοὺς
988 2243 1082 2319 Θρα-

126 2334 281 2420 σύλοχος·
309 2332 350 2402 τοὶ
363 2332 395 2401 δ’
408 2341 489 2422 ἔργα
500 2334 596 2407 πάντ’
609 2330 653 2424 ἦν
664 2340 719 2406 καλ
730 2336 771 2404 τοὶ
789 2336 999 2421 πραττόμενα
1010 2331 1080 2415 ύπδ
1091 2347 1130 2400 5ο

82 2449 116 2504 79
124 2431 254 2499 τούτου.
288 2437 344 2500 καί
361 2441 497 2517 πρῶτον
518 2439 579 2521 μὲν
595 2443 793 2519 κατέσχισαν
809 2430 868 2511 τδις
885 2433 996 2516 θύρας
1010 2439 1081 2500 τῶν

124 2529 325 2615 οἰκημάτων,
344 2528 388 2608 ὥς
405 2530 518 2599 αὐτῶν
528 2532 591 2617 ἤδη
609 2534 807 2616 γιγνομένας
817 2528 900 2598 κατδι
912 2528 974 2616 τὴν
986 2527 1081 2598 ιἰντί-
1118 2523 1123 2530 ’

124 2633 234 2696 δοσιν·
258 2627 327 2695 εἰτα
338 2635 397 2714 τῆς
407 2627 554 2715 ἀδελφῆς
563 2627 605 2696 ἔτ’
617 2634 717 2697 ἔνδον
735 2628 837 2717 ούοης
847 2629 921 2699 τότε
932 2631 988 2697 καὶ
999 2653 1081 2696 παι-

125 2724 183 2805 δός
193 2725 298 2813 ούσης
309 2726 411 2812 κόρης
428 2729 581 2795 ἐναντίον
592 2731 800 2815 ἐφθέγγοντο
813 2729 931 2816 αἰσχροὶ
942 2730 997 2796 καί
1007 2754 1080 2796 τοι·

125 2832 210 2891 αῦτα
240 2823 283 2895 οἷ’
296 2823 340 2894 δν
368 2824 546 2909 ἅνθρωποι
563 2835 707 2895 τοιοῦτοι
725 2833 925 2914 φθέγξαιντο
938 2825 995 2913 (ού
1012 2825 1078 2913 γὰρ

125 2930 228 3009 ἔγωγε
245 2931 450 3010 προαχθείην
468 2920 512 2992 ἂν
530 2931 635 2994 εἰπεῖν
651 2929 734 3014 πρὸς
751 2925 836 3013 ὑμᾶς
851 2933 921 2993 τῶν
931 2927 1006 2994 τότε
1016 2929 1079 3013 ῥη-

61 3063 65 3070 ·
123 3024 256 3090 θέντων
267 3019 399 3109 οὐδὲν),
415 3025 470 3091 καί
488 3022 552 3110 τὴν
562 3031 685 3113 μητέρα
695 3026 779 3112 κάμὲ
789 3028 846 3094 καί
856 3026 981 3104 πάντας
991 3025 1078 3113 ἡμᾶς

123 3119 204 3205 ῥητὰ
221 3123 277 3188 καὶ
294 3120 423 3208 ἄρρητα
441 3122 526 3192 κακοὶ
544 3129 687 3206 ἐξεῖπον·
718 3124 738 3192 ὃ
756 3123 788 3192 δ’
800 3118 864 3193 ούν
884 3125 1078 3192 δεινότατον

122 3220 176 3285 καί
188 3219 229 3286 ού
241 3221 351 3305 λόγος,
364 3219 434 3291 ἀλλ’
444 3228 544 3309 ἔργον
556 3224 636 3312 ἥδη·
660 3223 718 3304 τοὶς
729 3228 822 3303 δίκας
834 3220 877 3303 ὥς
888 3221 1002 3290 αύτοῐν
1014 3219 1078 3289 ού-

76 3329 181 3395 δοσας
197 3314 343 3404 ’ἠφίεσαν
359 3336 427 3401 τοῖς
443 3323 642 3409 ἐπιτρόποις.
673 3325 728 3391 καὶ
743 3321 838 3391 ταῦτ’
851 3325 920 3391 έστλ
937 3325 1000 3408 μὲν
1010 3345 1077 3388 πα-

120 3411 213 3499 λαιὰ,
234 3412 326 3500 ὅμως
344 3421 384 3486 δέ
396 3447 488 3500 τινας
504 3419 602 3504 ὑμῶν
617 3423 839 3509 μνημονεύειν
861 3418 968 3506 οἶμαι·
1013 3417 1075 3504 ὅλη
