2370 3854
209 196 353 260 ΚΑΤΑ
374 194 857 259 ΑΡΙΣΤΟΓΕΙΤΟΝΟΣ
875 199 916 258 A.
980 194 1042 262 275

92 358 157 445 γόρ
171 360 260 426 ἐστιν
277 354 364 434 ἅπας
374 352 393 423 ὁ
404 351 550 441 πονηρός
566 352 642 422 καθ’
656 355 790 425 ἑαυτόν·
814 348 885 446 ᾆδ’
897 353 941 426 ἂν
951 353 1045 445 ὑμεῖς

93 455 302 542 πρόσθησθε,
317 446 416 533 οὗτος
426 450 559 539 ἰσχυρός
569 460 723 538 γίγνεται.
753 460 821 523 ἐστι
841 456 877 524 δὲ
887 463 986 528 τοῦτο
997 464 1045 546 τῷ

93 555 153 642 μὲν
164 555 303 642 λαβόντι
320 551 393 638 παρ’
408 550 504 638 ὑμώυ
515 555 651 638 ἐργασία
672 555 727 621 καί
748 558 941 638 δυναστεία,
963 552 1104 642 ὑμῖνῖῖῖ
1156 605 1161 611 -

66 653 129 735 goz
147 667 216 732 τοῖς
236 657 354 721 δοῦσιν
372 649 512 730 όυειδος.
544 657 729 738 βουλοίμην
750 651 782 718 δ’
797 649 849 738 δι’ν,
873 646 900 719 a}
924 650 1044 739 όίυδρες

87 750 271 838 Ἀθηναῖοι,
283 747 348 834 πρό
360 756 423 817 τοῦ
432 752 507 836 περὶ
516 755 586 817 τών
595 755 690 818 ἰδίων
700 750 755 836 ἐμὲ
765 759 835 819 τών
844 754 978 827 τουτουί
989 754 1045 820 λε’-

92 877 175 937 γειν,
198 848 452 927 σπουδάσαντας
472 846 560 934 ὑμᾶς
580 849 728 929 ἐξετάσαι
750 847 805 916 διὰ
827 853 978 936 βραχέων
999 856 1045 928 εἰς

93 948 177 1035 ὅσην
188 947 351 1034 αἰσχύνην
361 949 416 1015 καί
427 944 564 1028 ἀδοξίαν
573 945 769 1035 προῆχετην
784 950 884 1019 πόλιν
904 954 1045 1038 δημοσίμ

94 1049 202 1116 πάντα
213 1045 253 1114 τὰ
265 1053 400 1114 τοιαῦτα
409 1053 530 1133 θηρία,
555 1038 603 1114 ών
613 1051 778 1134 μέσοςκαὶ
794 1060 979 1127 τελευταῖος
989 1052 1046 1116 καί

67 1146 226 1232 ςπρώτός
242 1148 332 1214 ἐστιν
350 1137 456 1224 οὗτος.
496 1146 552 1212 καί
566 1142 680 1230 τὰμὲν
698 1145 782 1214 ἄλλα
793 1147 894 1216 ἐείσω·
918 1145 986 1215 ἀλλ’
999 1153 1046 1226 εἰς

91 1242 149 1323 τοίς
159 1248 332 1329 ἐκκλησίας
344 1241 595 1330 ἀναβαίνουσιν,
602 1246 639 1310 ἐν
650 1239 701 1323 αἰς
712 1241 805 1330 ὑμεῖς
816 1245 949 1332 γνώμης
960 1244 1046 1315 οἰκό-

92 1348 210 1427 δειξιν,
233 1340 274 1410 οὐ
290 1347 452 1427 πονηρίας
467 1354 535 1420 τοῖς
553 1345 689 1427 λέγουσι
706 1350 896 1430 προτίθετε,
917 1344 1045 1430 τόλμαν

92 1445 148 1511 καί
169 1441 321 1526 κραυγὴν
342 1441 398 1507 καί
415 1444 548 1520 ψευδεῖς
565 1446 670 1520 αἰτίας
685 1443 741 1509 καὶ
752 1447 980 1527 συκοφαντίαν
991 1442 1046 1509 καί

93 1539 330 1625 ἀναισχυντίαν
341 1540 397 1605 καὶ
408 1538 517 1606 πάντα
535 1536 721 1608 τὰτοιαῦτα
733 1541 1046 1626 συνεσκευασμένοι,

94 1631 142 1708 ώυ
154 1638 215 1707 οὐκ
226 1637 269 1707 ἂν
280 1637 374 1724 εὕροι
390 1665 439 1719 τις
449 1640 668 1726 ἐναντιώτερα
679 1648 726 1728 τῷ
737 1640 971 1727 βουλεύεσθαι,
985 1666 1047 1708 νο·

93 1743 173 1825 μίζω
192 1741 228 1806 δὲ
244 1738 291 1823 μοὶ
307 1737 386 1816 τοὺς
400 1734 507 1817 θεοὺς
524 1735 597 1806 οὐδ’
619 1735 661 1806 ι’ὶυ
683 1746 807 1825 αἰσχίω.
840 1739 895 1807 καί
916 1738 1047 1818 τούτοις

92 1853 160 1917 τοῖς
171 1843 316 1924 αἰσχροῖς
326 1834 484 1906 ἁπάντων
494 1846 564 1906 τών
573 1846 631 1926 τῆς
641 1837 769 1916 πόλεως
776 1846 889 1906 καλεῖν
897 1845 1046 1924 περίεισι,

90 1936 304 2023 τώννόμωυ,
328 1944 396 2004 τών
407 1939 597 2023 προέδρων,
622 1945 684 2005 τοῦ
698 1937 967 2024 προγράμματος,
989 1943 1047 2023 τῆς

51 2061 85 2112 10
95 2032 282 2122 εὐκοσμίας.
310 2035 410 2122 εἰμὲν
421 2029 485 2104 οὖν
495 2033 590 2122 ὑμεῖς
605 2043 709 2104 ταῦτα
719 2036 887 2123 βούλεσθε
898 2038 955 2104 καὶ
965 2033 1046 2120 μετὰ

93 2143 151 2221 τῆς
163 2133 323 2222 ὑμετέρας
333 2134 468 2221 γνώμης
479 2127 573 2203 οὗτοι
583 2143 688 2202 ταῦτα
704 2142 876 2212 ποιοῦσιν,
897 2129 966 2222 ὁδῷ
982 2140 1047 2219 βοι-

95 2239 173 2314 δίζει
183 2235 238 2302 καί
249 2237 308 2300 ἐοῖυ
320 2237 384 2299 δεῖ·
408 2237 439 2300 εἰ
455 2229 487 2298 δ’
501 2232 807 2318 ἐπανορθώσασθαι
822 2228 917 2298 ταῦτ’
932 2236 979 2298 ἐτι
990 2233 1045 2299 καὶ

94 2341 161 2400 νῦν
176 2340 289 2399 οἰεσθε
307 2337 443 2416 χρῆναι,
459 2332 516 2398 καὶ
532 2329 573 2397 τὰ
590 2332 769 2416 προειμένα
788 2327 903 2415 πόρρω
913 2331 969 2397 καὶ
982 2353 1045 2398 πο-

94 2429 159 2499 λύυ
174 2429 239 2517 ἤδη
255 2428 380 2516 χρόνον
393 2433 534 2514 αἰσχροῖς
549 2430 605 2497 καί
618 2436 729 2508 κακῶς
746 2424 812 2495 ὑπὸ
829 2426 959 2496 τούτων
971 2432 1042 2496 δια-

94 2535 228 2615 κείμενα
239 2535 356 2616 βελτίω
367 2535 521 2616 ποιῆσαι,
543 2527 708 2596 πάντατὰ
724 2536 860 2597 τοιαῦτα
869 2533 932 2616 ἐθη
944 2552 1045 2615 παρι-

50 2658 84 2710 11
95 2628 213 2707 δόντας
224 2625 312 2714 ὑμᾶς
321 2626 466 2715 τήμερον
477 2624 591 2715 όρθώς
599 2628 798 2713 δεῖδικάσαι,
809 2626 872 2716 την
882 2625 922 2696 τὰ
934 2632 1045 2697 δίκαια

95 2727 277 2814 ἀγαπῶσαν
288 2722 461 2812 Εὐνομίαν
477 2727 552 2812 περὶ
568 2733 725 2795 πλείστου
741 2729 1001 2814 ποιησαμένους,
1022 2722 1045 2811 ἢ

95 2826 202 2905 πόσοις
212 2829 268 2895 καί
279 2826 392 2904 πόλεις
404 2827 460 2893 καί
469 2822 578 2910 χώρας
589 2825 700 2912 σώζει,
722 2829 778 2894 καὶ
788 2826 850 2914 την
861 2824 1044 2912 ἀπαραίτη-

95 2950 154 2991 του
166 2926 221 2991 καί
232 2921 358 3010 σεμνὴν
369 2930 489 3010 Δίκην,
511 2921 554 3009 ἣν
572 2922 660 3004 ὁτδις
670 2923 853 3011 ἁγιωτάτας
862 2922 942 3012 ἡμῖν
952 2931 1044 2991 τελε-

95 3019 154 3102 τοίς
164 3024 354 3100 καταδείξας
361 3019 501 3108 Ὀρφεδς
510 3019 600 3106 παρὰ
611 3019 671 3091 τόν
681 3022 968 3108 τοῦΛιόςθρόυον
978 3047 1045 3107 φη-

96 3123 129 3189 σί
145 3120 341 3206 καθημένην
356 3120 464 3188 πάντα
481 3120 521 3186 τὰ
539 3127 607 3186 τών
624 3118 818 3205 ἀνθρώπων
834 3123 978 3205 ἐφορᾶν,
1000 3125 1046 3198 εἰς

96 3215 202 3287 αὑτὸν
222 3219 364 3285 ἕκαστον
385 3224 567 3304 νομίσαντα
576 3220 712 3304 βλέπειν
727 3215 815 3286 οὕτω
832 3221 1044 3304 ψηφίζεσθαι,

96 3316 347 3405 φυλαττόμενον
358 3317 415 3385 καὶ
424 3315 664 3404 προορώμενον
675 3314 720 3402 μὴ
738 3323 951 3401 καταισχῦναι
962 3315 1046 3382 ταό-
1055 3329 1107 3386 773

96 3443 174 3502 την,
196 3407 236 3501 ἧς
253 3414 428 3501 ἐπώνυμός
444 3417 533 3482 ἐστιν
550 3411 646 3502 ὑμῶν
663 3410 829 3494 ἐκαστοςὸ
842 3411 897 3547 de}
903 3413 1046 3497 δικάζειν

834 3512 872 3566 18
