2370 3854
343 195 489 259 ΚΑΤΑ
508 194 727 256 monor
742 195 784 254 A.
978 191 1041 256 ³13

50 381 84 438 17
92 389 166 444 νοςς
184 357 266 430 ἀλλά
278 356 346 448 μὴν
358 353 402 437 ἀς
414 353 527 443 ἀληθῆ
533 357 629 440 λέγω,
639 352 718 443 λαβὲ
728 352 786 434 τάς
796 359 978 441 μαρτυρίας
987 355 1043 423 καί

93 459 274 546 ἀνάγνωδα

435 602 697 694 Mamm.

178 746 249 834 Τήν
268 745 331 832 μὲν
340 750 458 812 τοίνυν
477 755 600 826 προλκα
620 747 742 808 τοῦτον
757 737 819 810 τδν
832 739 960 825 τρόπον
976 741 1041 828 εἶχε

90 846 215 933 λαβήν.
244 842 288 931 μή
301 844 469 931 γήμαντος
486 839 517 910 δ’
531 837 638 908 σάτοτί
647 837 711 926 τήν
722 844 844 928 μητέρα
855 840 918 928 τήν
928 837 1039 929 ἐμήνὸ

90 943 152 1031 μὲν
163 941 267 1028 νόμος
280 940 409 1011 κελεύει
424 939 487 1026 τήν
503 953 624 1025 προῖκα
642 935 790 1024 ὀφείλειν
801 936 849 1008 έτί
862 936 947 1007 ἐννέ’
961 935 1041 1026 ὀβο-

92 1051 179 1128 λοίς,
201 1038 267 1127 ἐγδ
279 1037 311 1109 δ’
325 1042 377 1108 ἐπὶ
397 1042 527 1126 δραχμῇ
541 1037 650 1124 μόνον
670 1044 795 1124 τίθημι.
828 1044 975 1125 γίγνεται
996 1034 1106 1120 δ’,819

52 1152 54 1156 ’
93 1139 153 1210 ίάν
170 1165 221 1219 τις
237 1145 382 1227 συντιθῇ
399 1138 437 1207 τό
455 1136 485 1205 τ’
497 1136 635 1223 ἀρχαῖον
653 1139 707 1203 καὶ
718 1136 755 1203 τδ
769 1138 957 1221 πρόσεργον
973 1145 1042 1204 τῶν

49 1253 84 1308 18
94 1242 173 1308 δέκα
184 1241 282 1324 ἐτῶν,
303 1238 442 1323 μάλιστα
453 1242 528 1321 τρία
543 1234 697 1302 τάλαυτα.
725 1237 780 1301 καί
796 1243 900 1302 ταῦτα
910 1233 1038 1321 μὲυοῧ·

92 1363 157 1416 τως
166 1334 247 1422 ὑμίν
258 1338 463 1419 ἐπιδείκνυμι
474 1330 619 1420 λαβόντα
630 1334 686 1400 καὶ
696 1336 782 1418 ἔχειν
792 1329 1040 1419 ὁμολογήσαντα

93 1434 274 1521 μαρτύρων
284 1429 631 1500 ἐναυτίουτοσοότων·
649 1430 751 1510 ἀλλος
761 1437 878 1499 τοίνυν
894 1439 959 1517 ἔχει
969 1457 1041 1515 τρι-

94 1531 329 1617 ἀκουταμνάς,
352 1539 413 1598 τοῦ
423 1535 641 1616 ἐργαστηρίου
654 1528 768 1617 λαβάν
783 1527 1039 1617 τήνψπρόσοδον,

93 1633 150 1699 καί
166 1627 439 1716 ἀναισχυντότατ’
457 1627 652 1713 ἀνθρώπων
668 1627 863 1715 ἀποστερεῖν
884 1632 1038 1716 ἐπικεχεί·

93 1755 203 1818 ρηκεν.
239 1733 311 1817 ἐμοὶ
329 1727 393 1800 δ’ὁ
411 1730 519 1816 πατὴρ
536 1732 690 1798 κατέλιπε
699 1729 876 1811 τριάκοντα
886 1737 971 1815 μυάς
981 1725 1039 1796 ἀπ’

92 1827 205 1898 αὐτῶν
215 1829 280 1917 τήν
289 1830 475 1918 πρόσοδον·
497 1825 717 1914 ἀποδομένων
729 1826 764 1896 δδ
774 1825 903 1896 τούτων
912 1824 954 1895 τά
964 1823 1042 1914 ἡμί·

92 1948 134 2014 ση
152 1937 222 1998 των
241 1926 465 2015 ἀνδραπόδων
476 1926 711 1997 πεντεκαίδεκά
722 1952 778 2013 μοι
788 1935 873 2013 μναῖς
883 1931 1041 2014 γενέσθαι

49 2045 83 2099 19
92 2027 175 2094 κατὰ
188 2027 292 2112 λόγον
300 2034 479 2114 προσῆκεν.
514 2032 719 2114 Θηριππίδης
735 2025 797 2112 μὲν
807 2018 871 2094 οὖν
888 2025 967 2095 ἑπτά
985 2033 1040 2114 ἔτη

92 2131 161 2191 τῶν
171 2121 394 2207 ἀνδραπόδων
411 2127 618 2211 ἐπιμεληθεὶς
633 2126 752 2192 ἕνδεκα
761 2131 846 2210 μυάς
856 2132 917 2192 τοῦ
928 2128 1043 2193 ίυιαυ-

91 2231 153 2289 τοῦ
164 2220 331 2307 ἀπέφηνε,
353 2227 503 2304 τέτταρσι
522 2235 619 2308 μναῖς
634 2220 711 2289 καθ’
729 2223 869 2290 ἕκαστον
887 2221 1042 2291 ἐνιαυτόν

92 2324 228 2385 ἔλαττον
247 2314 366 2404 ήόσον
387 2327 536 2405 προσῆκε
557 2319 776 2406 λογιζόμενος.
809 2311 908 2400 οὗτος
929 2325 966 2389 δὲ
983 2320 1037 2388 δύ’

93 2422 148 2502 ἔτη
165 2415 205 2482 τά
224 2423 340 2500 πρῶτα
355 2418 564 2505 ἐπιμεληθεὶς
582 2415 655 2487 οὐδ’
668 2416 783 2487 ὁτιοῦν
794 2416 1039 2505 ἀποδείκνυσιν,

92 2511 162 2583 ἀλλ’
175 2517 278 2583 ἐνίοτε
289 2522 350 2602 μέν
361 2536 466 2604 φησιν
477 2514 622 2604 ἀργῆσαι
632 2515 669 2586 τδ
686 2517 918 2607 ἐργαστήριον,
936 2521 1040 2588 ἐνίοτε

92 2610 123 2682 δ’
140 2610 185 2694 ἀς
195 2613 297 2696 αότδς
312 2615 374 2702 μὲν
384 2613 448 2685 οὐκ
467 2617 656 2704 ἐπεμελήθη
666 2617 811 2706 τούτων,
834 2614 895 2687 ὁδ’
910 2622 1041 2702 ἐπίτρο-

90 2739 153 2792 πος
164 2714 309 2802 Μιλύας,
323 2711 342 2782 ὁ
353 2711 579 2801 ἀπελεύθερος
591 2713 609 2785 ὁ
619 2715 788 2803 ἡμέτερος,
801 2716 965 2806 διῴκησεν
977 2714 1038 2784 αά-

91 2809 148 2898 τὰ,
169 2813 225 2879 καὶ
242 2809 316 2898 παρ’
329 2814 460 2881 ἐκείνου
475 2839 532 2900 μοι
548 2816 708 2903 προσήκει
725 2817 826 2902 λόγον
843 2824 966 2905 λαβεῖν.
997 2809 1041 2884 ἀν

91 2901 156 2976 οὖν
167 2910 222 2976 καί
232 2918 297 2978 νῦν
308 2911 463 2997 είπητινά
472 2912 602 2982 τούτων
612 2922 681 2982 των
690 2914 939 3004 λόγων,ῥαδίως
949 2918 1041 3000 ἐλεγ-

47 3029 82 3081 20
89 3007 249 3095 χθήσεται
259 3011 473 3098 ψευδόμενος.
496 3007 539 3081 ἀν
549 3013 611 3097 μὲν
622 3006 685 3080 οὖν
696 3010 801 3097 ἀργδν
812 3021 861 3100 φή
871 3015 1038 3097 γενέσθαι,

90 3104 194 3193 λόγον
210 3103 309 3185 αάτδς
326 3103 533 3197 ἀπενήνοχεν
554 3106 782 3196 ἀναλωμάτων
802 3107 864 3177 οάκ
888 3114 933 3188 είς
954 3116 1039 3176 σιτία

90 3220 158 3285 τοίς
168 3202 376 3293 ἀνθρώποις,
393 3206 463 3277 ἀλλ’
475 3214 522 3288 είς
533 3213 629 3294 ἔργα,
641 3206 702 3276 τόυ
713 3213 759 3286 είς
768 3207 830 3293 τήν
840 3209 959 3293 τέχνην
969 3209 1040 3274 ἐλέ-

91 3330 201 3391 φαντα
217 3303 273 3371 καὶ
288 3315 460 3391 μαχαιρῶν
476 3303 582 3393 λαβάς
597 3307 653 3374 καὶ
668 3303 769 3383 ἀλλας
780 3301 972 3391 ἐπισκευάς,
995 3301 1041 3383 ἀς

90 3403 315 3486 ἐργαζομένων
325 3411 394 3469 τῶν
405 3408 623 3489 δημιουργῶν,
658 3407 704 3470 ἔτι
723 3402 758 3471 δὲ
770 3407 957 3490 Θηριππίδη
969 3427 1040 3484 τρι·
1080 3409 1082 3412 ’
