<?xml version="1.0" encoding="UTF-8"?>
<!DOCTYPE html PUBLIC "-//W3C//DTD XHTML 1.0 Transitional//EN"
    "http://www.w3.org/TR/xhtml1/DTD/xhtml1-transitional.dtd">
<html xmlns="http://www.w3.org/1999/xhtml" xml:lang="en" lang="en">
 <head>
  <title>
</title>
<meta http-equiv="Content-Type" content="text/html;charset=utf-8" />
  <meta name='ocr-system' content='tesseract 3.04.00' />
  <meta name='ocr-capabilities' content='ocr_page ocr_carea ocr_par ocr_line ocrx_word'/>
</head>
<body>
  <div class='ocr_page' id='page_1' title='image "./orationesexrece01demogoog_0184.png"; bbox 0 0 2370 3854; ppageno 0'>
   <div class='ocr_carea' id='block_1_1' title="bbox 251 192 1036 281">
    <p class='ocr_par' dir='ltr' id='par_1_1' title="bbox 251 192 1036 281">
     <span class='ocr_line' id='line_1_1' title="bbox 251 192 1036 281; baseline 0.008 -28"><span class='ocrx_word' id='word_1_1' title='bbox 251 192 390 281; x_wconf 64' lang='grc' dir='ltr'><em>ΚΑΤΑ</em></span> <span class='ocrx_word' id='word_1_2' title='bbox 410 192 875 256; x_wconf 71' lang='grc' dir='ltr'><em>ΑΡΙΣΤΟΚΡΑΤΟῬΣ.</em></span> <span class='ocrx_word' id='word_1_3' title='bbox 974 195 1036 261; x_wconf 80' lang='lat'><strong><em>175</em></strong></span> 
     </span>
    </p>
   </div>
   <div class='ocr_carea' id='block_1_2' title="bbox 40 348 1121 739">
    <p class='ocr_par' dir='ltr' id='par_1_2' title="bbox 40 348 1121 739">
     <span class='ocr_line' id='line_1_2' title="bbox 86 348 1037 437; baseline 0.006 -17"><span class='ocrx_word' id='word_1_4' title='bbox 86 366 153 432; x_wconf 76' lang='grc' dir='ltr'><strong><em>τοῖς</em></strong></span> <span class='ocrx_word' id='word_1_5' title='bbox 163 355 223 437; x_wconf 79' lang='grc' dir='ltr'><strong><em>μὲν</em></strong></span> <span class='ocrx_word' id='word_1_6' title='bbox 234 348 600 436; x_wconf 87' lang='grc' dir='ltr'><strong><em>Φακέαςάντιπάλονς,</em></strong></span> <span class='ocrx_word' id='word_1_7' title='bbox 622 365 690 431; x_wconf 73' lang='grc' dir='ltr'><strong><em>τοῖς</em></strong></span> <span class='ocrx_word' id='word_1_8' title='bbox 701 350 734 420; x_wconf 78' lang='grc' dir='ltr'><strong><em>θ’</em></strong></span> <span class='ocrx_word' id='word_1_9' title='bbox 747 351 971 436; x_wconf 85' lang='grc' dir='ltr'><strong><em>άλλονςτινιὶς</em></strong></span> <span class='ocrx_word' id='word_1_10' title='bbox 989 355 1037 426; x_wconf 68' lang='lat' dir='ltr'><strong><em>el-</em></strong></span> 
     </span>
     <span class='ocr_line' id='line_1_3' title="bbox 86 447 1036 542; baseline 0.005 -23"><span class='ocrx_word' id='word_1_11' title='bbox 86 478 158 519; x_wconf 89' lang='grc' dir='ltr'><strong><em>ναι·</em></strong></span> <span class='ocrx_word' id='word_1_12' title='bbox 179 455 216 520; x_wconf 83' lang='grc' dir='ltr'><strong><em>ἐκ</em></strong></span> <span class='ocrx_word' id='word_1_13' title='bbox 226 449 291 537; x_wconf 85' lang='grc' dir='ltr'><strong><em>γάρ</em></strong></span> <span class='ocrx_word' id='word_1_14' title='bbox 302 458 365 519; x_wconf 94' lang='grc' dir='ltr'><strong><em>τοῦ</em></strong></span> <span class='ocrx_word' id='word_1_15' title='bbox 373 447 477 518; x_wconf 78' lang='grc' dir='ltr'><strong><em>ταῦθ’</em></strong></span> <span class='ocrx_word' id='word_1_16' title='bbox 490 448 597 529; x_wconf 77' lang='grc' dir='ltr'><strong><em>οὕτως</em></strong></span> <span class='ocrx_word' id='word_1_17' title='bbox 608 455 692 536; x_wconf 72' lang='grc' dir='ltr'><strong><em>ἔχειν</em></strong></span> <span class='ocrx_word' id='word_1_18' title='bbox 702 449 781 537; x_wconf 78' lang='grc' dir='ltr'><strong><em>ἡμῖν</em></strong></span> <span class='ocrx_word' id='word_1_19' title='bbox 792 448 931 540; x_wconf 82' lang='grc' dir='ltr'><strong><em>ὑπάρχει</em></strong></span> <span class='ocrx_word' id='word_1_20' title='bbox 943 464 1036 542; x_wconf 85' lang='grc' dir='ltr'><strong><em>μεγί-</em></strong></span> 
     </span>
     <span class='ocr_line' id='line_1_4' title="bbox 40 542 1038 640; baseline 0.005 -22"><span class='ocrx_word' id='word_1_21' title='bbox 40 565 75 618; x_wconf 83' lang='grc'><strong><em>03</em></strong></span> <span class='ocrx_word' id='word_1_22' title='bbox 85 571 172 628; x_wconf 87' lang='grc' dir='ltr'><strong><em>στοις</em></strong></span> <span class='ocrx_word' id='word_1_23' title='bbox 189 542 287 618; x_wconf 81' lang='grc' dir='ltr'><strong><em>οὖσιν</em></strong></span> <span class='ocrx_word' id='word_1_24' title='bbox 310 550 469 635; x_wconf 82' lang='grc' dir='ltr'><strong><em>ἀσφαλῶς</em></strong></span> <span class='ocrx_word' id='word_1_25' title='bbox 489 555 601 618; x_wconf 77' lang='grc' dir='ltr'><em>οἰκεῖν.</em></span> <span class='ocrx_word' id='word_1_26' title='bbox 632 559 732 618; x_wconf 84' lang='grc' dir='ltr'><strong><em>τοῦτο</em></strong></span> <span class='ocrx_word' id='word_1_27' title='bbox 755 557 873 620; x_wconf 84' lang='grc' dir='ltr'><strong><em>τοίνυν</em></strong></span> <span class='ocrx_word' id='word_1_28' title='bbox 892 560 1038 640; x_wconf 81' lang='grc' dir='ltr'><strong><em>νομίζετε</em></strong></span> 
     </span>
     <span class='ocr_line' id='line_1_5' title="bbox 84 644 1121 739; baseline 0.006 -25"><span class='ocrx_word' id='word_1_29' title='bbox 84 644 185 715; x_wconf 78' lang='grc' dir='ltr'><strong><em>ταύτὸ</em></strong></span> <span class='ocrx_word' id='word_1_30' title='bbox 204 650 260 716; x_wconf 79' lang='grc' dir='ltr'><strong><em>καὶ</em></strong></span> <span class='ocrx_word' id='word_1_31' title='bbox 273 662 341 728; x_wconf 81' lang='grc' dir='ltr'><strong><em>τοῖς</em></strong></span> <span class='ocrx_word' id='word_1_32' title='bbox 349 649 567 735; x_wconf 85' lang='grc' dir='ltr'><strong><em>Χερρόνησον</em></strong></span> <span class='ocrx_word' id='word_1_33' title='bbox 578 654 707 717; x_wconf 90' lang='grc' dir='ltr'><strong><em>οίκοῦσι</em></strong></span> <span class='ocrx_word' id='word_1_34' title='bbox 717 657 786 718; x_wconf 91' lang='grc' dir='ltr'><strong><em>τῶν</em></strong></span> <span class='ocrx_word' id='word_1_35' title='bbox 797 659 941 720; x_wconf 88' lang='grc' dir='ltr'><strong><em>πολιτῶν</em></strong></span> <span class='ocrx_word' id='word_1_36' title='bbox 953 672 1039 739; x_wconf 87' lang='grc' dir='ltr'><strong><em>σνμ-</em></strong></span> <span class='ocrx_word' id='word_1_37' title='bbox 1118 681 1121 685; x_wconf 91' lang='grc'><em>·</em></span> 
     </span>
    </p>
   </div>
   <div class='ocr_carea' id='block_1_3' title="bbox 39 744 1100 3495">
    <p class='ocr_par' dir='ltr' id='par_1_3' title="bbox 39 744 1100 3495">
     <span class='ocr_line' id='line_1_6' title="bbox 85 744 1038 838; baseline 0.006 -25"><span class='ocrx_word' id='word_1_38' title='bbox 85 749 216 832; x_wconf 81' lang='grc' dir='ltr'><strong><em>φέρειν,</em></strong></span> <span class='ocrx_word' id='word_1_39' title='bbox 242 749 368 834; x_wconf 76' lang='grc' dir='ltr'><strong><em>μηθένα</em></strong></span> <span class='ocrx_word' id='word_1_40' title='bbox 390 744 475 815; x_wconf 81' lang='grc' dir='ltr'><strong><em>είναι</em></strong></span> <span class='ocrx_word' id='word_1_41' title='bbox 495 755 565 815; x_wconf 90' lang='grc' dir='ltr'><strong><em>τῶν</em></strong></span> <span class='ocrx_word' id='word_1_42' title='bbox 587 755 732 836; x_wconf 75' lang='grc' dir='ltr'><strong><em>Θρακῶν</em></strong></span> <span class='ocrx_word' id='word_1_43' title='bbox 756 751 909 836; x_wconf 79' lang='grc' dir='ltr'><strong><em>ἰσχυρόν·</em></strong></span> <span class='ocrx_word' id='word_1_44' title='bbox 930 749 952 838; x_wconf 84' lang='grc' dir='ltr'><strong><em>ή</em></strong></span> <span class='ocrx_word' id='word_1_45' title='bbox 974 750 1038 835; x_wconf 84' lang='grc' dir='ltr'><strong><em>γάρ</em></strong></span> 
     </span>
     <span class='ocr_line' id='line_1_7' title="bbox 84 840 1037 936; baseline 0.005 -24"><span class='ocrx_word' id='word_1_46' title='bbox 84 849 222 912; x_wconf 79' lang='grc' dir='ltr'><strong><em>ἐκείνων</em></strong></span> <span class='ocrx_word' id='word_1_47' title='bbox 242 842 327 931; x_wconf 84' lang='grc' dir='ltr'><strong><em>πρὸς</em></strong></span> <span class='ocrx_word' id='word_1_48' title='bbox 346 840 511 932; x_wconf 73' lang='grc' dir='ltr'><strong><em>ἀλλήλους</em></strong></span> <span class='ocrx_word' id='word_1_49' title='bbox 532 845 656 933; x_wconf 83' lang='grc' dir='ltr'><strong><em>ταραχή</em></strong></span> <span class='ocrx_word' id='word_1_50' title='bbox 677 851 733 916; x_wconf 79' lang='grc' dir='ltr'><strong><em>καὶ</em></strong></span> <span class='ocrx_word' id='word_1_51' title='bbox 752 846 881 930; x_wconf 77' lang='grc' dir='ltr'><strong><em>ὑποψία</em></strong></span> <span class='ocrx_word' id='word_1_52' title='bbox 904 849 1037 936; x_wconf 78' lang='grc' dir='ltr'><strong><em>φρουρά</em></strong></span> 
     </span>
     <span class='ocr_line' id='line_1_8' title="bbox 83 941 1037 1034; baseline 0.002 -23"><span class='ocrx_word' id='word_1_53' title='bbox 83 941 301 1030; x_wconf 85' lang='grc' dir='ltr'><strong><em>Χερρονήσου</em></strong></span> <span class='ocrx_word' id='word_1_54' title='bbox 318 950 451 1030; x_wconf 89' lang='grc' dir='ltr'><strong><em>μεγίστη</em></strong></span> <span class='ocrx_word' id='word_1_55' title='bbox 467 952 536 1012; x_wconf 90' lang='grc' dir='ltr'><strong><em>τῶν</em></strong></span> <span class='ocrx_word' id='word_1_56' title='bbox 551 951 670 1013; x_wconf 88' lang='grc' dir='ltr'><strong><em>πασῶν</em></strong></span> <span class='ocrx_word' id='word_1_57' title='bbox 688 947 822 1014; x_wconf 76' lang='grc' dir='ltr'><strong><em>ἐστικαὶ</em></strong></span> <span class='ocrx_word' id='word_1_58' title='bbox 832 947 1037 1034; x_wconf 83' lang='grc' dir='ltr'><strong><em>βεβαιοτάτη.</em></strong></span> 
     </span>
     <span class='ocr_line' id='line_1_9' title="bbox 84 1040 1038 1133; baseline 0.003 -24"><span class='ocrx_word' id='word_1_59' title='bbox 84 1042 121 1110; x_wconf 79' lang='grc' dir='ltr'><strong><em>τὸ</em></strong></span> <span class='ocrx_word' id='word_1_60' title='bbox 139 1047 256 1109; x_wconf 89' lang='grc' dir='ltr'><strong><em>τοίνυν</em></strong></span> <span class='ocrx_word' id='word_1_61' title='bbox 273 1042 430 1129; x_wconf 81' lang='grc' dir='ltr'><strong><em>ψήφισμα</em></strong></span> <span class='ocrx_word' id='word_1_62' title='bbox 445 1044 538 1110; x_wconf 80' lang='grc' dir='ltr'><strong><em>τουτί</em></strong></span> <span class='ocrx_word' id='word_1_63' title='bbox 554 1050 602 1131; x_wconf 80' lang='grc' dir='ltr'><strong><em>τῶ</em></strong></span> <span class='ocrx_word' id='word_1_64' title='bbox 612 1043 674 1127; x_wconf 77' lang='grc' dir='ltr'><strong><em>μὲν</em></strong></span> <span class='ocrx_word' id='word_1_65' title='bbox 682 1040 857 1133; x_wconf 75' lang='grc' dir='ltr'><strong><em>ἡγουμένῳ</em></strong></span> <span class='ocrx_word' id='word_1_66' title='bbox 869 1052 939 1112; x_wconf 89' lang='grc' dir='ltr'><strong><em>τῶν</em></strong></span> <span class='ocrx_word' id='word_1_67' title='bbox 950 1052 1038 1128; x_wconf 88' lang='grc' dir='ltr'><strong><em>Κερ-</em></strong></span> 
     </span>
     <span class='ocr_line' id='line_1_10' title="bbox 85 1139 1038 1229; baseline 0.002 -22"><span class='ocrx_word' id='word_1_68' title='bbox 85 1146 270 1229; x_wconf 87' lang='grc' dir='ltr'><strong><em>σοβλέπτου</em></strong></span> <span class='ocrx_word' id='word_1_69' title='bbox 282 1141 486 1228; x_wconf 74' lang='grc' dir='ltr'><strong><em>πραγμάτων</em></strong></span> <span class='ocrx_word' id='word_1_70' title='bbox 497 1139 681 1226; x_wconf 78' lang='grc' dir='ltr'><strong><em>ἀσφάλειαν</em></strong></span> <span class='ocrx_word' id='word_1_71' title='bbox 699 1140 810 1228; x_wconf 82' lang='grc' dir='ltr'><strong><em>θιθόν,</em></strong></span> <span class='ocrx_word' id='word_1_72' title='bbox 831 1155 900 1220; x_wconf 75' lang='grc' dir='ltr'><strong><em>τοῖς</em></strong></span> <span class='ocrx_word' id='word_1_73' title='bbox 917 1144 953 1211; x_wconf 70' lang='grc' dir='ltr'><strong><em>δὲ</em></strong></span> <span class='ocrx_word' id='word_1_74' title='bbox 970 1149 1038 1209; x_wconf 86' lang='grc' dir='ltr'><strong><em>τῶν</em></strong></span> 
     </span>
     <span class='ocr_line' id='line_1_11' title="bbox 85 1236 1037 1326; baseline 0 -19"><span class='ocrx_word' id='word_1_75' title='bbox 85 1243 205 1324; x_wconf 84' lang='grc' dir='ltr'><strong><em>ἑτέρων</em></strong></span> <span class='ocrx_word' id='word_1_76' title='bbox 226 1242 399 1326; x_wconf 81' lang='grc' dir='ltr'><strong><em>βασιλέοιν</em></strong></span> <span class='ocrx_word' id='word_1_77' title='bbox 412 1252 603 1323; x_wconf 79' lang='grc' dir='ltr'><strong><em>στρατηγοῖς</em></strong></span> <span class='ocrx_word' id='word_1_78' title='bbox 623 1236 733 1323; x_wconf 84' lang='grc' dir='ltr'><strong><em>φόβον</em></strong></span> <span class='ocrx_word' id='word_1_79' title='bbox 750 1240 805 1312; x_wconf 82' lang='grc' dir='ltr'><strong><em>καὶ</em></strong></span> <span class='ocrx_word' id='word_1_80' title='bbox 823 1240 896 1316; x_wconf 83' lang='grc' dir='ltr'><strong><em>θέος</em></strong></span> <span class='ocrx_word' id='word_1_81' title='bbox 913 1239 958 1326; x_wconf 93' lang='grc' dir='ltr'><strong><em>μή</em></strong></span> <span class='ocrx_word' id='word_1_82' title='bbox 973 1238 1037 1308; x_wconf 88' lang='grc' dir='ltr'><strong><em>τιν’</em></strong></span> 
     </span>
     <span class='ocr_line' id='line_1_12' title="bbox 86 1331 1039 1424; baseline -0.003 -19"><span class='ocrx_word' id='word_1_83' title='bbox 86 1345 194 1408; x_wconf 78' lang='grc' dir='ltr'><strong><em>αἰτίαν</em></strong></span> <span class='ocrx_word' id='word_1_84' title='bbox 205 1344 302 1424; x_wconf 83' lang='grc' dir='ltr'><strong><em>ἔχωσι</em></strong></span> <span class='ocrx_word' id='word_1_85' title='bbox 313 1334 494 1421; x_wconf 83' lang='grc' dir='ltr'><strong><em>παριστάν,</em></strong></span> <span class='ocrx_word' id='word_1_86' title='bbox 511 1334 661 1420; x_wconf 75' lang='grc' dir='ltr'><strong><em>τοῦςμὲν</em></strong></span> <span class='ocrx_word' id='word_1_87' title='bbox 672 1331 842 1422; x_wconf 81' lang='grc' dir='ltr'><strong><em>ἀσθενεῖς,</em></strong></span> <span class='ocrx_word' id='word_1_88' title='bbox 864 1334 925 1403; x_wconf 85' lang='grc' dir='ltr'><strong><em>τὸν</em></strong></span> <span class='ocrx_word' id='word_1_89' title='bbox 935 1334 965 1403; x_wconf 79' lang='grc' dir='ltr'><strong><em>δ’</em></strong></span> <span class='ocrx_word' id='word_1_90' title='bbox 979 1338 1039 1404; x_wconf 81' lang='grc' dir='ltr'><strong><em>ἕνα</em></strong></span> 
     </span>
     <span class='ocr_line' id='line_1_13' title="bbox 41 1429 1038 1521; baseline -0.006 -15"><span class='ocrx_word' id='word_1_91' title='bbox 41 1436 167 1506; x_wconf 64' lang='grc' dir='ltr'><strong><em>Ολύντα</em></strong></span> <span class='ocrx_word' id='word_1_92' title='bbox 184 1435 321 1521; x_wconf 76' lang='grc' dir='ltr'><strong><em>ἰσχυρὸν</em></strong></span> <span class='ocrx_word' id='word_1_93' title='bbox 338 1439 544 1519; x_wconf 70' lang='grc' dir='ltr'><strong><em>καθίστησιν.</em></strong></span> <span class='ocrx_word' id='word_1_94' title='bbox 577 1436 634 1501; x_wconf 78' lang='grc' dir='ltr'><strong><em>ἵνα</em></strong></span> <span class='ocrx_word' id='word_1_95' title='bbox 645 1432 681 1500; x_wconf 69' lang='grc' dir='ltr'><strong><em>δὲ</em></strong></span> <span class='ocrx_word' id='word_1_96' title='bbox 691 1429 735 1518; x_wconf 84' lang='grc' dir='ltr'><strong><em>μή</em></strong></span> <span class='ocrx_word' id='word_1_97' title='bbox 747 1432 839 1501; x_wconf 89' lang='grc' dir='ltr'><strong><em>πάνυ</em></strong></span> <span class='ocrx_word' id='word_1_98' title='bbox 849 1435 1038 1520; x_wconf 74' lang='grc' dir='ltr'><strong><em>θαυμάζητε</em></strong></span> 
     </span>
     <span class='ocr_line' id='line_1_14' title="bbox 86 1529 1038 1619; baseline -0.001 -18"><span class='ocrx_word' id='word_1_99' title='bbox 86 1539 117 1602; x_wconf 88' lang='grc' dir='ltr'><strong><em>εί</em></strong></span> <span class='ocrx_word' id='word_1_100' title='bbox 134 1533 174 1600; x_wconf 83' lang='grc' dir='ltr'><strong><em>τὰ</em></strong></span> <span class='ocrx_word' id='word_1_101' title='bbox 191 1531 269 1618; x_wconf 89' lang='grc' dir='ltr'><strong><em>παρ’</em></strong></span> <span class='ocrx_word' id='word_1_102' title='bbox 283 1531 365 1618; x_wconf 82' lang='grc' dir='ltr'><strong><em>ύμῖν</em></strong></span> <span class='ocrx_word' id='word_1_103' title='bbox 380 1536 574 1618; x_wconf 76' lang='grc' dir='ltr'><strong><em>ψηφίσματα</em></strong></span> <span class='ocrx_word' id='word_1_104' title='bbox 590 1529 792 1618; x_wconf 83' lang='grc' dir='ltr'><strong><em>τηλικαύτην</em></strong></span> <span class='ocrx_word' id='word_1_105' title='bbox 806 1536 872 1618; x_wconf 79' lang='grc' dir='ltr'><strong><em>ἔχει</em></strong></span> <span class='ocrx_word' id='word_1_106' title='bbox 882 1531 1038 1619; x_wconf 79' lang='grc' dir='ltr'><strong><em>δύναμιν,</em></strong></span> 
     </span>
     <span class='ocr_line' id='line_1_15' title="bbox 84 1628 1070 1719; baseline -0.002 -19"><span class='ocrx_word' id='word_1_107' title='bbox 84 1631 222 1719; x_wconf 80' lang='grc' dir='ltr'><strong><em>γεγονὸς</em></strong></span> <span class='ocrx_word' id='word_1_108' title='bbox 231 1629 445 1711; x_wconf 75' lang='grc' dir='ltr'><strong><em>καὶὸπάντες</em></strong></span> <span class='ocrx_word' id='word_1_109' title='bbox 456 1635 633 1699; x_wconf 84' lang='grc' dir='ltr'><strong><em>ἐπίστασθε</em></strong></span> <span class='ocrx_word' id='word_1_110' title='bbox 643 1637 778 1717; x_wconf 81' lang='grc' dir='ltr'><strong><em>πρᾶγμα</em></strong></span> <span class='ocrx_word' id='word_1_111' title='bbox 787 1628 875 1717; x_wconf 83' lang='grc' dir='ltr'><strong><em>ύμοῖς</em></strong></span> <span class='ocrx_word' id='word_1_112' title='bbox 884 1629 1040 1718; x_wconf 87' lang='grc' dir='ltr'><strong><em>ῦπομνή-</em></strong></span> <span class='ocrx_word' id='word_1_113' title='bbox 1064 1666 1070 1678; x_wconf 84' lang='grc'><em>·</em></span> 
     </span>
     <span class='ocr_line' id='line_1_16' title="bbox 85 1726 1100 1818; baseline 0 -19"><span class='ocrx_word' id='word_1_114' title='bbox 85 1752 142 1800; x_wconf 86' lang='grc' dir='ltr'><strong><em>σω.</em></strong></span> <span class='ocrx_word' id='word_1_115' title='bbox 162 1729 217 1799; x_wconf 82' lang='grc' dir='ltr'><strong><em>ὅτε</em></strong></span> <span class='ocrx_word' id='word_1_116' title='bbox 227 1730 448 1817; x_wconf 79' lang='grc' dir='ltr'><strong><em>Μιλτοκύθης</em></strong></span> <span class='ocrx_word' id='word_1_117' title='bbox 458 1726 580 1816; x_wconf 82' lang='grc' dir='ltr'><strong><em>άπέστη</em></strong></span> <span class='ocrx_word' id='word_1_118' title='bbox 591 1730 738 1813; x_wconf 85' lang='grc' dir='ltr'><strong><em>Κότυος,</em></strong></span> <span class='ocrx_word' id='word_1_119' title='bbox 750 1727 876 1815; x_wconf 80' lang='grc' dir='ltr'><strong><em>συχνὸν</em></strong></span> <span class='ocrx_word' id='word_1_120' title='bbox 885 1729 948 1816; x_wconf 76' lang='grc' dir='ltr'><strong><em>ήδη</em></strong></span> <span class='ocrx_word' id='word_1_121' title='bbox 958 1731 1100 1818; x_wconf 76' lang='grc' dir='ltr'><strong><em>χρῶ-655</em></strong></span> 
     </span>
     <span class='ocr_line' id='line_1_17' title="bbox 84 1826 1040 1916; baseline 0.001 -19"><span class='ocrx_word' id='word_1_122' title='bbox 84 1856 145 1898; x_wconf 92' lang='grc' dir='ltr'><strong><em>νου</em></strong></span> <span class='ocrx_word' id='word_1_123' title='bbox 156 1829 252 1909; x_wconf 80' lang='grc' dir='ltr'><strong><em>ὄντος</em></strong></span> <span class='ocrx_word' id='word_1_124' title='bbox 262 1837 323 1899; x_wconf 86' lang='grc' dir='ltr'><strong><em>τοῦ</em></strong></span> <span class='ocrx_word' id='word_1_125' title='bbox 335 1830 500 1916; x_wconf 82' lang='grc' dir='ltr'><strong><em>πολέμου,</em></strong></span> <span class='ocrx_word' id='word_1_126' title='bbox 521 1830 577 1898; x_wconf 79' lang='grc' dir='ltr'><strong><em>καὶ</em></strong></span> <span class='ocrx_word' id='word_1_127' title='bbox 587 1826 845 1916; x_wconf 81' lang='grc' dir='ltr'><strong><em>ἀπηλλαγμένον</em></strong></span> <span class='ocrx_word' id='word_1_128' title='bbox 855 1827 1040 1916; x_wconf 71' lang='grc' dir='ltr'><strong><em>μὲνἘργο-</em></strong></span> 
     </span>
     <span class='ocr_line' id='line_1_18' title="bbox 85 1926 1038 2015; baseline -0.001 -19"><span class='ocrx_word' id='word_1_129' title='bbox 85 1935 200 2015; x_wconf 85' lang='grc' dir='ltr'><strong><em>φίλου,</em></strong></span> <span class='ocrx_word' id='word_1_130' title='bbox 221 1933 398 2015; x_wconf 87' lang='grc' dir='ltr'><strong><em>μέλλοντος</em></strong></span> <span class='ocrx_word' id='word_1_131' title='bbox 415 1927 446 1996; x_wconf 78' lang='grc' dir='ltr'><strong><em>θ’</em></strong></span> <span class='ocrx_word' id='word_1_132' title='bbox 465 1926 676 2008; x_wconf 73' lang='grc' dir='ltr'><strong><em>Αὐτοκλέους</em></strong></span> <span class='ocrx_word' id='word_1_133' title='bbox 692 1930 824 1996; x_wconf 79' lang='grc' dir='ltr'><strong><em>ἐκπλεῖν</em></strong></span> <span class='ocrx_word' id='word_1_134' title='bbox 841 1936 1038 2014; x_wconf 77' lang='grc' dir='ltr'><strong><em>στρατηγοῦ,</em></strong></span> 
     </span>
     <span class='ocr_line' id='line_1_19' title="bbox 85 2018 1040 2115; baseline 0 -21"><span class='ocrx_word' id='word_1_135' title='bbox 85 2028 212 2115; x_wconf 80' lang='grc' dir='ltr'><strong><em>ἐγράφη</em></strong></span> <span class='ocrx_word' id='word_1_136' title='bbox 222 2055 254 2095; x_wconf 90' lang='grc' dir='ltr'><strong><em>τι</em></strong></span> <span class='ocrx_word' id='word_1_137' title='bbox 265 2025 344 2113; x_wconf 88' lang='grc' dir='ltr'><strong><em>παρ’</em></strong></span> <span class='ocrx_word' id='word_1_138' title='bbox 358 2024 440 2114; x_wconf 75' lang='grc' dir='ltr'><strong><em>ύμῖν</em></strong></span> <span class='ocrx_word' id='word_1_139' title='bbox 450 2027 605 2114; x_wconf 81' lang='grc' dir='ltr'><strong><em>ψήφισμα</em></strong></span> <span class='ocrx_word' id='word_1_140' title='bbox 614 2033 785 2114; x_wconf 86' lang='grc' dir='ltr'><strong><em>τοιοῦτον,</em></strong></span> <span class='ocrx_word' id='word_1_141' title='bbox 798 2023 840 2092; x_wconf 74' lang='grc' dir='ltr'><strong><em>δι’</em></strong></span> <span class='ocrx_word' id='word_1_142' title='bbox 856 2018 901 2094; x_wconf 83' lang='grc' dir='ltr'><strong><em>ού</em></strong></span> <span class='ocrx_word' id='word_1_143' title='bbox 910 2033 1040 2094; x_wconf 84' lang='grc' dir='ltr'><strong><em>Μιλτο-</em></strong></span> 
     </span>
     <span class='ocr_line' id='line_1_20' title="bbox 85 2121 1041 2214; baseline -0.005 -19"><span class='ocrx_word' id='word_1_144' title='bbox 85 2127 194 2213; x_wconf 88' lang='grc' dir='ltr'><strong><em>κύθης</em></strong></span> <span class='ocrx_word' id='word_1_145' title='bbox 201 2127 262 2214; x_wconf 74' lang='grc' dir='ltr'><strong><em>μέν</em></strong></span> <span class='ocrx_word' id='word_1_146' title='bbox 271 2125 403 2210; x_wconf 82' lang='grc' dir='ltr'><strong><em>άπήλθε</em></strong></span> <span class='ocrx_word' id='word_1_147' title='bbox 412 2125 636 2211; x_wconf 76' lang='grc' dir='ltr'><strong><em>φοβηθελςκαὶ</em></strong></span> <span class='ocrx_word' id='word_1_148' title='bbox 644 2128 782 2210; x_wconf 86' lang='grc' dir='ltr'><strong><em>νομίσας</em></strong></span> <span class='ocrx_word' id='word_1_149' title='bbox 790 2121 877 2208; x_wconf 79' lang='grc' dir='ltr'><strong><em>ὑμᾶς</em></strong></span> <span class='ocrx_word' id='word_1_150' title='bbox 886 2123 927 2191; x_wconf 87' lang='grc' dir='ltr'><strong><em>ού</em></strong></span> <span class='ocrx_word' id='word_1_151' title='bbox 936 2145 1041 2209; x_wconf 90' lang='grc' dir='ltr'><strong><em>προσ-</em></strong></span> 
     </span>
     <span class='ocr_line' id='line_1_21' title="bbox 86 2219 1040 2312; baseline -0.003 -21"><span class='ocrx_word' id='word_1_152' title='bbox 86 2230 171 2312; x_wconf 79' lang='grc' dir='ltr'><strong><em>έχειν</em></strong></span> <span class='ocrx_word' id='word_1_153' title='bbox 183 2224 289 2312; x_wconf 76' lang='grc' dir='ltr'><strong><em>αύτῷ,</em></strong></span> <span class='ocrx_word' id='word_1_154' title='bbox 307 2223 420 2300; x_wconf 87' lang='grc' dir='ltr'><strong><em>Κότυς</em></strong></span> <span class='ocrx_word' id='word_1_155' title='bbox 431 2221 463 2288; x_wconf 83' lang='grc' dir='ltr'><strong><em>θ’</em></strong></span> <span class='ocrx_word' id='word_1_156' title='bbox 476 2219 636 2305; x_wconf 79' lang='grc' dir='ltr'><strong><em>ἐγκρατής</em></strong></span> <span class='ocrx_word' id='word_1_157' title='bbox 645 2228 709 2288; x_wconf 88' lang='grc' dir='ltr'><strong><em>τοῦ</em></strong></span> <span class='ocrx_word' id='word_1_158' title='bbox 719 2245 755 2287; x_wconf 91' lang='grc' dir='ltr'><strong><em>τε</em></strong></span> <span class='ocrx_word' id='word_1_159' title='bbox 765 2219 867 2307; x_wconf 81' lang='grc' dir='ltr'><strong><em>ὅρους</em></strong></span> <span class='ocrx_word' id='word_1_160' title='bbox 876 2227 938 2288; x_wconf 90' lang='grc' dir='ltr'><strong><em>τοῦ</em></strong></span> <span class='ocrx_word' id='word_1_161' title='bbox 948 2220 1040 2303; x_wconf 86' lang='grc' dir='ltr'><strong><em>λερού</em></strong></span> 
     </span>
     <span class='ocr_line' id='line_1_22' title="bbox 86 2314 1039 2407; baseline -0.003 -18"><span class='ocrx_word' id='word_1_162' title='bbox 86 2325 141 2390; x_wconf 77' lang='grc' dir='ltr'><strong><em>καὶ</em></strong></span> <span class='ocrx_word' id='word_1_163' title='bbox 159 2330 228 2388; x_wconf 90' lang='grc' dir='ltr'><strong><em>τῶν</em></strong></span> <span class='ocrx_word' id='word_1_164' title='bbox 243 2326 430 2407; x_wconf 74' lang='grc' dir='ltr'><strong><em>θησαυρῶν</em></strong></span> <span class='ocrx_word' id='word_1_165' title='bbox 447 2321 585 2403; x_wconf 83' lang='grc' dir='ltr'><strong><em>ἐγένετο.</em></strong></span> <span class='ocrx_word' id='word_1_166' title='bbox 620 2320 674 2384; x_wconf 78' lang='grc' dir='ltr'><strong><em>καί</em></strong></span> <span class='ocrx_word' id='word_1_167' title='bbox 690 2316 755 2402; x_wconf 90' lang='grc' dir='ltr'><strong><em>γάρ</em></strong></span> <span class='ocrx_word' id='word_1_168' title='bbox 772 2342 823 2384; x_wconf 86' lang='grc' dir='ltr'><strong><em>τοι</em></strong></span> <span class='ocrx_word' id='word_1_169' title='bbox 834 2314 915 2402; x_wconf 87' lang='grc' dir='ltr'><strong><em>μετά</em></strong></span> <span class='ocrx_word' id='word_1_170' title='bbox 924 2326 1039 2405; x_wconf 86' lang='grc' dir='ltr'><strong><em>ταῦτα,</em></strong></span> 
     </span>
     <span class='ocr_line' id='line_1_23' title="bbox 88 2413 1041 2506; baseline -0.002 -18"><span class='ocrx_word' id='word_1_171' title='bbox 88 2413 114 2488; x_wconf 83' lang='grc' dir='ltr'><strong><em>ῶ</em></strong></span> <span class='ocrx_word' id='word_1_172' title='bbox 130 2419 250 2506; x_wconf 80' lang='grc' dir='ltr'><strong><em>άνῦρες</em></strong></span> <span class='ocrx_word' id='word_1_173' title='bbox 264 2416 452 2504; x_wconf 71' lang='grc' dir='ltr'><strong><em>Ἀθηναῖοι,</em></strong></span> <span class='ocrx_word' id='word_1_174' title='bbox 472 2413 648 2503; x_wconf 70' lang='grc' dir='ltr'><strong><em>Αὐτοκλῆς</em></strong></span> <span class='ocrx_word' id='word_1_175' title='bbox 664 2415 726 2502; x_wconf 70' lang='grc' dir='ltr'><strong><em>μέν</em></strong></span> <span class='ocrx_word' id='word_1_176' title='bbox 741 2418 886 2500; x_wconf 87' lang='grc' dir='ltr'><strong><em>έκρίνετο</em></strong></span> <span class='ocrx_word' id='word_1_177' title='bbox 899 2414 944 2496; x_wconf 84' lang='grc' dir='ltr'><strong><em>ῶς</em></strong></span> <span class='ocrx_word' id='word_1_178' title='bbox 956 2413 1041 2486; x_wconf 89' lang='grc' dir='ltr'><strong><em>άπο-</em></strong></span> 
     </span>
     <span class='ocr_line' id='line_1_24' title="bbox 87 2514 1041 2606; baseline 0 -19"><span class='ocrx_word' id='word_1_179' title='bbox 87 2517 238 2598; x_wconf 86' lang='grc' dir='ltr'><strong><em>λωλεκῶς</em></strong></span> <span class='ocrx_word' id='word_1_180' title='bbox 247 2516 489 2603; x_wconf 82' lang='grc' dir='ltr'><strong><em>Μιλτοκύθην,</em></strong></span> <span class='ocrx_word' id='word_1_181' title='bbox 507 2520 542 2585; x_wconf 84' lang='grc' dir='ltr'><strong><em>οί</em></strong></span> <span class='ocrx_word' id='word_1_182' title='bbox 549 2519 585 2583; x_wconf 77' lang='grc' dir='ltr'><strong><em>δὲ</em></strong></span> <span class='ocrx_word' id='word_1_183' title='bbox 594 2514 710 2602; x_wconf 80' lang='grc' dir='ltr'><strong><em>χρόνοι</em></strong></span> <span class='ocrx_word' id='word_1_184' title='bbox 721 2517 803 2584; x_wconf 79' lang='grc' dir='ltr'><strong><em>κατὰ</em></strong></span> <span class='ocrx_word' id='word_1_185' title='bbox 813 2525 875 2585; x_wconf 87' lang='grc' dir='ltr'><strong><em>τοῦ</em></strong></span> <span class='ocrx_word' id='word_1_186' title='bbox 884 2515 921 2586; x_wconf 84' lang='grc' dir='ltr'>τὸ</span> <span class='ocrx_word' id='word_1_187' title='bbox 934 2519 1041 2606; x_wconf 75' lang='grc' dir='ltr'><strong><em>ψήφο·</em></strong></span> 
     </span>
     <span class='ocr_line' id='line_1_25' title="bbox 86 2614 1041 2703; baseline 0.001 -18"><span class='ocrx_word' id='word_1_188' title='bbox 86 2639 153 2703; x_wconf 89' lang='grc' dir='ltr'><strong><em>σμα</em></strong></span> <span class='ocrx_word' id='word_1_189' title='bbox 171 2617 321 2695; x_wconf 76' lang='grc' dir='ltr'><strong><em>εἰπόντος</em></strong></span> <span class='ocrx_word' id='word_1_190' title='bbox 337 2625 395 2701; x_wconf 81' lang='grc' dir='ltr'><strong><em>τῆς</em></strong></span> <span class='ocrx_word' id='word_1_191' title='bbox 411 2622 542 2702; x_wconf 80' lang='grc' dir='ltr'><strong><em>γραφῆς</em></strong></span> <span class='ocrx_word' id='word_1_192' title='bbox 559 2614 818 2702; x_wconf 78' lang='grc' dir='ltr'><strong><em>ἐξεληλύθεσαν,</em></strong></span> <span class='ocrx_word' id='word_1_193' title='bbox 840 2617 881 2684; x_wconf 83' lang='grc' dir='ltr'><strong><em>τά</em></strong></span> <span class='ocrx_word' id='word_1_194' title='bbox 898 2616 934 2685; x_wconf 73' lang='grc' dir='ltr'><strong><em>δὲ</em></strong></span> <span class='ocrx_word' id='word_1_195' title='bbox 953 2618 1041 2703; x_wconf 88' lang='grc' dir='ltr'><strong><em>πρά-</em></strong></span> 
     </span>
     <span class='ocr_line' id='line_1_26' title="bbox 85 2707 1038 2804; baseline 0.004 -22"><span class='ocrx_word' id='word_1_196' title='bbox 85 2743 191 2802; x_wconf 89' lang='grc' dir='ltr'><strong><em>γματα</em></strong></span> <span class='ocrx_word' id='word_1_197' title='bbox 206 2715 379 2783; x_wconf 82' lang='grc' dir='ltr'><strong><em>άποιλῶλει</em></strong></span> <span class='ocrx_word' id='word_1_198' title='bbox 391 2722 433 2802; x_wconf 73' lang='grc' dir='ltr'><strong><em>κη’</em></strong></span> <span class='ocrx_word' id='word_1_199' title='bbox 443 2715 546 2784; x_wconf 82' lang='grc' dir='ltr'><strong><em>πόλει.</em></strong></span> <span class='ocrx_word' id='word_1_200' title='bbox 578 2707 618 2782; x_wconf 79' lang='grc' dir='ltr'><strong><em>εὖ</em></strong></span> <span class='ocrx_word' id='word_1_201' title='bbox 627 2721 744 2783; x_wconf 91' lang='grc' dir='ltr'><strong><em>τοίνυν</em></strong></span> <span class='ocrx_word' id='word_1_202' title='bbox 755 2724 824 2784; x_wconf 83' lang='grc' dir='ltr'><strong><em>ίστε</em></strong></span> <span class='ocrx_word' id='word_1_203' title='bbox 835 2715 887 2783; x_wconf 81' lang='grc' dir='ltr'><strong><em>ὅτι</em></strong></span> <span class='ocrx_word' id='word_1_204' title='bbox 896 2719 953 2786; x_wconf 79' lang='grc' dir='ltr'><strong><em>καὶ</em></strong></span> <span class='ocrx_word' id='word_1_205' title='bbox 962 2726 1038 2804; x_wconf 88' lang='grc' dir='ltr'><strong><em>νῦν,</em></strong></span> 
     </span>
     <span class='ocr_line' id='line_1_27' title="bbox 42 2812 1040 2902; baseline 0.003 -21"><span class='ocrx_word' id='word_1_206' title='bbox 42 2843 75 2894; x_wconf 73' lang='lat'><strong><em>05</em></strong></span> <span class='ocrx_word' id='word_1_207' title='bbox 87 2821 117 2882; x_wconf 89' lang='grc' dir='ltr'><strong><em>εί</em></strong></span> <span class='ocrx_word' id='word_1_208' title='bbox 127 2812 171 2898; x_wconf 82' lang='grc' dir='ltr'><strong><em>μή</em></strong></span> <span class='ocrx_word' id='word_1_209' title='bbox 184 2815 299 2881; x_wconf 84' lang='grc' dir='ltr'><strong><em>λύσετε</em></strong></span> <span class='ocrx_word' id='word_1_210' title='bbox 309 2815 347 2881; x_wconf 83' lang='grc' dir='ltr'><strong><em>τὸ</em></strong></span> <span class='ocrx_word' id='word_1_211' title='bbox 360 2813 517 2900; x_wconf 79' lang='grc' dir='ltr'><strong><em>ψήφισμα</em></strong></span> <span class='ocrx_word' id='word_1_212' title='bbox 526 2815 614 2897; x_wconf 78' lang='grc' dir='ltr'><strong><em>τοδὶ,</em></strong></span> <span class='ocrx_word' id='word_1_213' title='bbox 627 2816 682 2883; x_wconf 85' lang='grc' dir='ltr'><strong><em>καὶ</em></strong></span> <span class='ocrx_word' id='word_1_214' title='bbox 691 2828 760 2893; x_wconf 81' lang='grc' dir='ltr'><strong><em>τοῖς</em></strong></span> <span class='ocrx_word' id='word_1_215' title='bbox 768 2821 941 2902; x_wconf 81' lang='grc' dir='ltr'><strong><em>βασιλεῦσι</em></strong></span> <span class='ocrx_word' id='word_1_216' title='bbox 950 2827 1040 2885; x_wconf 89' lang='grc' dir='ltr'><strong><em>θαυ-</em></strong></span> 
     </span>
     <span class='ocr_line' id='line_1_28' title="bbox 87 2909 1041 3001; baseline 0.003 -24"><span class='ocrx_word' id='word_1_217' title='bbox 87 2909 193 2999; x_wconf 82' lang='grc' dir='ltr'><strong><em>μαστή</em></strong></span> <span class='ocrx_word' id='word_1_218' title='bbox 210 2911 382 2998; x_wconf 85' lang='grc' dir='ltr'><strong><em>γενήσεται</em></strong></span> <span class='ocrx_word' id='word_1_219' title='bbox 399 2910 443 2979; x_wconf 80' lang='grc' dir='ltr'><strong><em>δι’</em></strong></span> <span class='ocrx_word' id='word_1_220' title='bbox 464 2910 545 2980; x_wconf 87' lang='grc' dir='ltr'><strong><em>αύτὸ</em></strong></span> <span class='ocrx_word' id='word_1_221' title='bbox 563 2911 692 3001; x_wconf 87' lang='grc' dir='ltr'><strong><em>άθνμία</em></strong></span> <span class='ocrx_word' id='word_1_222' title='bbox 703 2915 836 2992; x_wconf 79' lang='grc' dir='ltr'><strong><em>καὶτοῖς</em></strong></span> <span class='ocrx_word' id='word_1_223' title='bbox 848 2929 1041 3000; x_wconf 76' lang='grc' dir='ltr'><strong><em>στρατηγοῖς</em></strong></span> 
     </span>
     <span class='ocr_line' id='line_1_29' title="bbox 87 3006 1040 3098; baseline -0.001 -20"><span class='ocrx_word' id='word_1_224' title='bbox 87 3008 216 3078; x_wconf 79' lang='grc' dir='ltr'><strong><em>αὐτῶν·</em></strong></span> <span class='ocrx_word' id='word_1_225' title='bbox 239 3006 325 3089; x_wconf 81' lang='grc' dir='ltr'><strong><em>ὅλοις</em></strong></span> <span class='ocrx_word' id='word_1_226' title='bbox 347 3008 411 3096; x_wconf 79' lang='grc' dir='ltr'><strong><em>γάρ</em></strong></span> <span class='ocrx_word' id='word_1_227' title='bbox 435 3007 617 3098; x_wconf 88' lang='grc' dir='ltr'><strong><em>ήγήσονται</em></strong></span> <span class='ocrx_word' id='word_1_228' title='bbox 636 3019 834 3097; x_wconf 74' lang='grc' dir='ltr'><strong><em>παρεῶσθαι</em></strong></span> <span class='ocrx_word' id='word_1_229' title='bbox 851 3011 913 3097; x_wconf 76' lang='grc' dir='ltr'><strong><em>μὲν</em></strong></span> <span class='ocrx_word' id='word_1_230' title='bbox 934 3009 1040 3092; x_wconf 81' lang='grc' dir='ltr'><strong><em>αὐτοὶ,</em></strong></span> 
     </span>
     <span class='ocr_line' id='line_1_30' title="bbox 88 3107 1041 3197; baseline 0 -19"><span class='ocrx_word' id='word_1_231' title='bbox 88 3109 171 3197; x_wconf 81' lang='grc' dir='ltr'><strong><em>πρὸς</em></strong></span> <span class='ocrx_word' id='word_1_232' title='bbox 180 3111 436 3196; x_wconf 85' lang='grc' dir='ltr'><strong><em>Κερσοβλέπτην</em></strong></span> <span class='ocrx_word' id='word_1_233' title='bbox 453 3108 484 3178; x_wconf 77' lang='grc' dir='ltr'><strong><em>θ’</em></strong></span> <span class='ocrx_word' id='word_1_234' title='bbox 503 3107 696 3179; x_wconf 86' lang='grc' dir='ltr'><strong><em>άποκλίνειν</em></strong></span> <span class='ocrx_word' id='word_1_235' title='bbox 713 3109 812 3197; x_wconf 81' lang='grc' dir='ltr'><strong><em>ὑμᾶς.</em></strong></span> <span class='ocrx_word' id='word_1_236' title='bbox 847 3115 878 3177; x_wconf 84' lang='grc' dir='ltr'><strong><em>εἰ</em></strong></span> <span class='ocrx_word' id='word_1_237' title='bbox 889 3107 921 3177; x_wconf 82' lang='grc' dir='ltr'><strong><em>δ’</em></strong></span> <span class='ocrx_word' id='word_1_238' title='bbox 933 3111 970 3176; x_wconf 90' lang='grc' dir='ltr'><strong><em>έκ</em></strong></span> <span class='ocrx_word' id='word_1_239' title='bbox 979 3119 1041 3178; x_wconf 86' lang='grc' dir='ltr'><strong><em>τοῦ</em></strong></span> 
     </span>
     <span class='ocr_line' id='line_1_31' title="bbox 88 3207 1041 3297; baseline -0.003 -20"><span class='ocrx_word' id='word_1_240' title='bbox 88 3218 190 3277; x_wconf 93' lang='grc' dir='ltr'><strong><em>ταῦτα</em></strong></span> <span class='ocrx_word' id='word_1_241' title='bbox 208 3213 336 3295; x_wconf 91' lang='grc' dir='ltr'><strong><em>γνῶναι</em></strong></span> <span class='ocrx_word' id='word_1_242' title='bbox 351 3208 645 3297; x_wconf 80' lang='grc' dir='ltr'><strong><em>παραχωρήσονται</em></strong></span> <span class='ocrx_word' id='word_1_243' title='bbox 659 3216 717 3296; x_wconf 87' lang='grc' dir='ltr'><strong><em>τής</em></strong></span> <span class='ocrx_word' id='word_1_244' title='bbox 734 3207 836 3296; x_wconf 75' lang='grc' dir='ltr'><strong><em>ἀρχῆς</em></strong></span> <span class='ocrx_word' id='word_1_245' title='bbox 853 3210 905 3276; x_wconf 81' lang='grc' dir='ltr'><strong><em>έπὶ</em></strong></span> <span class='ocrx_word' id='word_1_246' title='bbox 922 3215 1041 3295; x_wconf 88' lang='grc' dir='ltr'><strong><em>καιροῦ</em></strong></span> 
     </span>
     <span class='ocr_line' id='line_1_32' title="bbox 88 3305 1041 3396; baseline 0.002 -22"><span class='ocrx_word' id='word_1_247' title='bbox 88 3309 179 3386; x_wconf 86' lang='grc' dir='ltr'><strong><em>τινὸς</em></strong></span> <span class='ocrx_word' id='word_1_248' title='bbox 199 3305 313 3386; x_wconf 77' lang='grc' dir='ltr'><strong><em>αὐτοῖς</em></strong></span> <span class='ocrx_word' id='word_1_249' title='bbox 336 3310 537 3395; x_wconf 79' lang='grc' dir='ltr'><strong><em>ἐπιθεμένου</em></strong></span> <span class='ocrx_word' id='word_1_250' title='bbox 558 3317 620 3377; x_wconf 89' lang='grc' dir='ltr'><strong><em>τοῦ</em></strong></span> <span class='ocrx_word' id='word_1_251' title='bbox 637 3312 910 3396; x_wconf 84' lang='grc' dir='ltr'><strong><em>Κερσοβλέπτου,</em></strong></span> <span class='ocrx_word' id='word_1_252' title='bbox 940 3307 1041 3376; x_wconf 87' lang='grc' dir='ltr'><strong><em>πάλιν</em></strong></span> 
     </span>
     <span class='ocr_line' id='line_1_33' title="bbox 39 3404 1046 3495; baseline 0.005 -19"><span class='ocrx_word' id='word_1_253' title='bbox 39 3423 80 3476; x_wconf 81' lang='grc'><strong><em>,06</em></strong></span> <span class='ocrx_word' id='word_1_254' title='bbox 90 3404 188 3491; x_wconf 83' lang='grc' dir='ltr'><strong><em>ὁρᾶτε</em></strong></span> <span class='ocrx_word' id='word_1_255' title='bbox 204 3413 238 3474; x_wconf 88' lang='grc' dir='ltr'><strong><em>τί</em></strong></span> <span class='ocrx_word' id='word_1_256' title='bbox 252 3406 464 3494; x_wconf 84' lang='grc' dir='ltr'><strong><em>συμβήσεται.</em></strong></span> <span class='ocrx_word' id='word_1_257' title='bbox 498 3411 579 3493; x_wconf 82' lang='grc' dir='ltr'><strong><em>φέρε</em></strong></span> <span class='ocrx_word' id='word_1_258' title='bbox 596 3406 659 3495; x_wconf 85' lang='grc' dir='ltr'><strong><em>γάρ</em></strong></span> <span class='ocrx_word' id='word_1_259' title='bbox 676 3406 760 3495; x_wconf 84' lang='grc' dir='ltr'><strong><em>πρὸς</em></strong></span> <span class='ocrx_word' id='word_1_260' title='bbox 770 3415 880 3494; x_wconf 89' lang='grc' dir='ltr'><strong><em>θεῶν,</em></strong></span> <span class='ocrx_word' id='word_1_261' title='bbox 904 3404 949 3476; x_wconf 86' lang='grc' dir='ltr'><strong><em>άν</em></strong></span> <span class='ocrx_word' id='word_1_262' title='bbox 956 3405 1046 3492; x_wconf 67' lang='grc' dir='ltr'><strong><em>ἡμᾶς</em></strong></span> 
     </span>
    </p>
   </div>
   <div class='ocr_carea' id='block_1_4' title="bbox 0 0 1200 3854">
    <p class='ocr_par' dir='ltr' id='par_1_4' title="bbox 0 0 1200 3854">
     <span class='ocr_line' id='line_1_34' title="bbox 0 0 1200 3854; baseline 0 0"><span class='ocrx_word' id='word_1_263' title='bbox 0 0 1200 3854; x_wconf 95' lang='lat' dir='ltr'><strong><em> </em></strong></span> 
     </span>
    </p>
   </div>
  </div>
 </body>
</html>
