2370 3854
101 220 165 284 352
318 221 401 278 XXX.
424 219 581 280 ΔΗΜΟ
589 216 846 278 ΣΘΕΝΟΤΣ

100 386 247 488 τετίμηται
256 376 327 446 ἐπ’
310 378 498 484 αποστερήσει
513 388 572 444 τῶν
583 381 669 525 ἐμωέν.
683 405 716 443 το
703 373 807 443 δὲ
771 406 823 462 της
833 378 979 483 ἕξούλης”
961 407 1057 465 ονομα

100 463 246 531 Ἀττικόν·
269 459 441 605 ἐξὲλλειυ
407 491 464 548 γαρ
476 459 664 546 ἔλεγονξ
591 488 623 526 το
636 465 759 540 ἐξωθεῖν
770 467 820 526 καὶ
831 463 984 546 ἐκβάλλειν
993 470 1056 556 βία.

185 673 268 757 Περὶ
279 676 405 739 πολλοῦ
416 667 623 754 ποιούμενος,
636 695 663 735 ω
650 660 794 754 ἄνδρες
804 675 1021 758 δικασταλ,’
974 696 1110 761 μητεθθι

102 769 344 858 πρδς”Αφοβ6υ
359 794 415 854 μοι
432 774 600 854 συμβῆναι
615 764 678 851 τήν
694 772 879 858 γενομένην
889 774 1057 858 διαφορὰν

102 870 183 956 μήτε
197 865 259 954 τὴν
271 874 337 935 νῦν
349 859 456 933 οὖσαν
466 861 716 950 πρὸςΌνήτορα
726 873 874 956 τουτονί,
893 872 1056 959 κηδεστήν

102 965 318 1049 ὄντααύτού,
341 964 447 1032 πολλὰ
457 965 513 1030 καὶ
524 967 634 1030 δίκαια
645 969 933 1053 προκαλεσάμενος
943 967 1057 1057 ἀμφο-

103 1069 219 1151 τίρους
236 1060 376 1140 ούδενὸς
396 1061 568 1146 ἐδυνήθην
584 1074 696 1146 τυχεῖν
713 1071 782 1130 τῶν
798 1072 955 1153 μετρίων,
978 1065 1053 1137 ἄλλ’

103 1164 230 1249 εὕρηκα
247 1159 334 1230 πολύ
351 1169 472 1230 τοῦτον
488 1165 617 1229 ἐκείνου
632 1163 886 1250 δυσκολώτερον
900 1170 954 1234 καί
971 1174 1055 1253 μᾶλ-

80 1271 165 1330 ῖλον
183 1260 277 1341 ἄξιον
294 1259 375 1329 ὄντα
391 1263 510 1327 δοῦναι
528 1263 633 1346 δίκην.
667 1257 727 1328 τὸν
743 1261 805 1348 μὲν
819 1260 885 1348 γὰρ
904 1263 1056 1350 οἰόμενος

103 1365 174 1428 δεῖν
184 1363 221 1428 ἐν
231 1372 300 1438 τοῖς
312 1365 421 1443 φίλοις
433 1358 689 1427 διαδικάσασθαι
708 1359 748 1427 τὰ
766 1359 849 1446 πρὸς
866 1364 920 1447 ἐμὲ
937 1365 993 1430 καλ
1010 1361 1055 1449 μή

102 1467 217 1547 λαβεῖν
228 1458 323 1545 ὑμῶν
334 1471 452 1542 πεῖραν
464 1455 524 1542 ούχ
536 1452 606 1535 οἶός
616 1454 648 1524 τ’
661 1458 824 1544 ἐγευόμην
833 1473 957 1528 πεῖσαι·
975 1469 1058 1528 τοῦ·

101 1586 162 1627 τον
178 1556 209 1625 δ’
223 1555 327 1624 αύτόυ
347 1553 437 1645 αύτῷ
453 1556 602 1623 κελεύων
620 1556 778 1641 γενέσθαι
799 1557 973 1645 δικαστὴν,
999 1563 1057 1643 ἴνα

102 1655 146 1744 μή
167 1655 244 1740 παρ’
265 1653 346 1742 ύμῖν
363 1654 583 1742 κινδυνεύσῃ,
602 1663 764 1723 τοσοῦτον
792 1656 1058 1744 κατεφρονήθην

104 1753 183 1823 ὥστ’
197 1751 269 1840 οὐχί
280 1753 388 1874 μύνρυ
399 1751 502 1836 λόγου
517 1767 629 1838 τυχεῖν
641 1751 702 1821 ούκ
713 1751 879 1841 ήξιοίθην,
901 1753 985 1824 ἀλλὰ
1000 1758 1058 1826 καὶ

102 1859 138 1924 ἐκ
154 1860 212 1940 τής
228 1880 323 1939 γης,
334 1879 377 1936 ην
386 1851 532 1937 ’Ἄφοβος
547 1850 741 1973 ἐκέκτητο”
720 1877 775 1919 οτε
791 1849 983 1937 ωφλίσκανέ
1000 1881 1058 1940 μοι

101 1951 164 2039 τήν
182 1956 295 2037 δίκην,
319 1946 556 2035 ὑβριστικῶς
536 1946 594 2014 υτι’
622 1947 726 2016 αὐτοῦ
749 1948 840 2016 πάνυ
861 1952 894 2030 ἐξ
878 1952 1056 2052 ξεβλήθην.

76 2046 213 2136 είπειδή
231 2041 294 2116 ούν
306 2061 549 2131 συναποστερεῖ
561 2051 599 2114 τί
607 2074 647 2133 με
662 2055 732 2114 τῶν
745 2047 855 2116 ὅντων
870 2057 916 2140 τῷ
935 2053 1058 2118 ἑαυτου

101 2153 261 2237 κηδεστη,
274 2147 470 2217 πιστεύωντ
476 2143 573 2225 Πείς
555 2153 642 2231 υμᾶς
653 2145 845 2234 εἰσελήλυθε
863 2163 933 2228 ταῖς
950 2146 1056 2217 αὑτοῦ

102 2261 335 2334 παρασκευαῖς,
348 2244 535 2315 ὑπόλοιπόν
546 2248 637 2313 ἐστιν
647 2244 716 2314 ἐν’
696 2260 778 2333 υμῖν
788 2254 969 2330 πειρᾶσθαι
980 2243 1054 2334 παρ’

102 2346 206 2415 αὐτοῦ
218 2355 286 2415 τῶν
297 2351 435 2414 δικαίων
446 2345 631 2430 τυγχάνειν.
655 2344 728 2413 οῖδα
739 2345 800 2431 μὲν
811 2339 884 2434 ούν,
898 2338 1057 2430 ὦᾶυδρες

103 2446 268 2530 δικασταὶ,
288 2442 339 2511 ὅτι
349 2468 406 2530 μοι
418 2441 500 2528 πρδς
512 2441 725 2528 παρασκευὰς
736 2445 848 2530 λόγων
861 2447 916 2513 καί
927 2444 1057 2531 μάρτυ-

102 2569 162 2627 ρας
179 2540 221 2610 ού
241 2539 373 2628 τάληθῆ
391 2539 664 2626 μαρτυρήσοντας
683 2539 700 2610 ὁ
719 2538 813 2626 ἄγων
828 2544 933 2610 ἐστιν’
966 2540 1056 2628 ὅμως

103 2645 214 2728 μέντοι
224 2649 387 2710 τοσούτου
405 2639 492 2726 οἶμαι
510 2642 648 2708 διοίσειν
664 2647 709 2730 τῷ
729 2639 916 2723 δικαιότερα
933 2640 1058 2709 τούτου

77 2743 212 2824 ιλίγειν
232 2737 320 2826 ὥστ’,
346 2744 376 2804 εί
388 2743 448 2805 καί
460 2764 508 2816 τις
522 2735 621 2824 ὑμῶν
631 2739 796 2825 πρότερον
812 2747 933 2808 τούτου
945 2736 1056 2826 ήγεῖτο

104 2836 189 2905 εἶναι
199 2835 243 2922 μή
255 2836 420 2923 πονηρὸν,
448 2841 484 2902 ἔκ
503 2862 541 2920 γε
557 2845 626 2904 τιόν
642 2835 727 2921 πρὸς
746 2839 801 2925 ἐμὲ
812 2841 1057 2927 πεπραγμένων

103 2937 267 3025 γνωσεται
278 2935 330 3005 ὅτι
346 2937 401 3004 καὶ
418 2933 478 3003 τὸν
492 2936 746 3022 παρεληλυθότα
765 2937 889 3021 χρόνον
909 2937 1110 3016 §wama-365

103 3063 163 3105 υευ
174 3033 278 3105 αύτδν
287 3034 442 3114 κάκιστος
454 3029 502 3118 δν
513 3037 568 3104 καὶ
579 3031 779 3114 ἀδικώτατος
788 3032 955 3105 ἁπάντων.
971 3034 1059 3104 τίπο-

104 3141 197 3216 δείξω
212 3133 277 3222 γιλρ
296 3131 400 3202 αύτδν
417 3131 459 3202 οὐ
482 3133 588 3220 μόνον
605 3131 668 3221 τήν
687 3130 797 3217 προῖκ’
817 3132 859 3204 ού
877 3135 1055 3220 δεδωκότα,

103 3263 144 3321 ης
162 3261 244 3321 φησι
261 3261 327 3302 του
347 3240 608 3320 τποτετιμήσθαι
624 3230 662 3300 τδ
679 3237 818 3320 χωρίον,
844 3230 929 3302 ἀλλὰ
947 3233 1003 3302 καὶ
1023 3237 1057 3314 ἐξ

103 3331 205 3417 ἀρχῆς
223 3345 290 3410 τοῖς
310 3345 399 3417 ἐμοῖς
419 3331 717 3418 ἐπιβουλεύσαντα,
746 3332 803 3400 καλ
825 3329 909 3419 πρδς
924 3331 1058 3410 τούτοις

85 3427 154 3513 τήν
160 3431 229 3514 μὲν
239 3428 384 3519 γυναῖκ’
400 3428 463 3502 ούκ
474 3427 751 3515 δτιολελοιπυῖαυ,
769 3430 853 3515 τίτλρ
863 3421 904 3516 ής
918 3429 1059 3515 ἐξήγαγέ
