2370 3854
136 223 177 284 42
352 225 409 280 XX.
435 218 859 280 ΔΗΜΟΣΘΕΝΟΤΣ

137 382 226 452 θέντ’
240 382 487 451 ἀπολωλεκέναι
496 377 535 445 δι’
547 376 642 464 ὑμῶν
654 376 823 464 ἀθρόους,
847 378 974 466 παρόν,
996 389 1029 450 εί
1041 406 1091 459 τις

137 480 188 565 ἀρ’
201 483 289 549 ἐστὶν
302 480 446 562 ἀνάξιος,
459 472 537 561 εἷςῆ
552 477 614 542 δύο
625 473 804 562 ἦπλείους,
817 488 930 566 γραφῇ
944 475 997 545 διά
1008 477 1090 545 τού-

136 606 204 647 των
219 577 319 645 ταύτὰ
338 584 436 645 τοῦτο
458 585 583 642 παθεῖν
599 573 667 641 κατ’
680 573 788 660 ἀνδρα
799 579 984 660 κριθέντας.
1023 574 1087 660 ε’γῶ

136 678 197 762 μὲν
208 677 272 762 γάρ
285 675 345 762 οὐχ
362 672 590 759 ὑπολαμβάνω
611 681 716 740 ταῦτα
737 682 846 753 καλῶς
867 680 953 761 ἔχειν
970 673 1051 741 οὐδέ
1059 671 1087 757 γ’

137 774 233 856 ἀξίως
245 774 350 862 ὑμῶν.

79 902 128 955 139
220 877 286 942 Καὶ
307 872 374 960 μὴν
395 870 470 940 οὐδ’
485 874 614 939 ἐκείνου
634 865 661 954 γ’
674 868 879 938 ἀποστατέον
895 877 957 936 τοῦ
973 868 1087 954 λόγου,

137 973 328 1057 ότιτῆςμὲν
340 969 447 1054 ἀξίας,
470 966 522 1035 ὅτ’
536 969 723 1054 έδῶκαμεν,
745 962 788 1054 ἦν
808 974 937 1037 δίκαιον
947 965 1088 1053 τὴνέξέ-

136 1093 231 1138 τασιν
254 1069 454 1156 λαμβάνειν,
477 1065 532 1133 ὅτε
554 1067 683 1133 τούτων
705 1065 814 1144 οὐδεὶς
836 1065 984 1151 ἀντεῖπε,
1006 1062 1087 1150 μετά

135 1167 282 1237 ταῦταδ
295 1173 369 1253 ἐάν,
392 1177 425 1234 εῖ
442 1192 475 1233 τι
493 1164 537 1250 μὴ
550 1165 741 1232 πεπόνθατε
751 1161 806 1232 ὑπ’
820 1163 932 1232 αὐτῶν
943 1162 1087 1249 ὕστερον

135 1268 250 1336 κακόν.
284 1272 315 1334 εί
324 1264 355 1332 δ’
369 1256 463 1332 οὗτοι
480 1271 577 1330 τοῦτο
590 1263 737 1349 φήσουσι
748 1268 863 1350 (δεῖξαι
874 1263 936 1348 μέν
945 1261 1009 1347 γάρ
1023 1260 1086 1343 οὐκ

136 1371 272 1452 ἔχουσι),
297 1369 350 1430 δεῖ
357 1365 620 1448 κεκολασμένους
631 1358 755 1438 αὐτούς
766 1360 839 1444 παρ’
853 1359 937 1427 αύτά
950 1360 1088 1445 τάδική-

135 1491 220 1549 ματα
231 1468 420 1546 φαίνεσθαι.
444 1467 473 1527 εί
485 1460 521 1526 δὲ
532 1458 673 1545 μηδενὸς
684 1457 780 1536 ὄντος
790 1459 944 1526 τοιούτου
956 1456 1016 1525 τόν
1028 1457 1087 1524 νό-

135 1584 199 1645 μου
210 1560 361 1642 ποιήσετε
372 1556 500 1640 κύριον,
514 1558 624 1635 δόξετε
635 1559 885 1642 φθονήσαντες,
898 1555 971 1641 οόχὶ
982 1581 1088 1640 πονη-

76 1679 127 1733 140
136 1656 216 1742 ρούς
227 1655 385 1743 λαβόντες
396 1651 601 1740 ἀφηρῆσθαι
636 1660 705 1721 ἔστι
716 1655 808 1721 δὲ’
762 1679 870 1722 παντα
882 1652 978 1739 μὲν
954 1681 999 1732 ως
1010 1659 1088 1731 ἔπος

136 1764 240 1823 εἰπεῖν
252 1753 363 1840 όνείδη
375 1755 556 1839 φευκτέον,
578 1761 678 1820 τοῦτο
691 1753 726 1820 δε
744 1753 880 1819 πάντων
892 1749 1035 1835 μάλιστ’,
1059 1744 1087 1817 ῶ

135 1856 255 1938 ἀνδρες
263 1852 442 1939 Ἀθηναῖοι.
478 1849 579 1918 διά’
544 1877 591 1931 τις
612 1851 663 1918 ότι
680 1850 869 1919 παντάπασι
881 1849 1014 1935 φύσεως
1025 1876 1087 1915 κα

136 1961 208 2031 κίας
221 1952 357 2038 σημεῖόν
367 1954 455 2018 ἐστιν
467 1948 484 2017 ὁ
497 1950 638 2036 φθόνος,
650 1953 704 2018 καὶ
716 1947 778 2016 ούκ
790 1953 854 2035 ἔχει
865 1946 1034 2034 πρόφασιν
1045 1946 1085 2014 δι’

136 2049 180 2136 ἣν
190 2047 233 2116 ἀν
243 2050 337 2133 τύχοι
355 2048 552 2134 συγγνώμης
570 2045 699 2115 δτούτο
721 2046 908 2125 πεπονθῶς.
942 2045 1010 2113 εἶτα
1031 2049 1085 2114 καὶ

136 2147 210 2216 οὐδ’
234 2154 324 2215 ἔστιν
345 2146 490 2232 ὄνειδος,
514 2147 594 2213 ὅτου
617 2150 815 2234 πορρωτέρω
836 2147 926 2214 ἐστὶν
948 2143 967 2232 ἡ
990 2145 1086 2223 πόλις

134 2243 261 2334 ἡμῶνῆ
272 2255 334 2315 τοῦ
345 2244 504 2333 φθονερά
513 2251 623 2313 δοκεῖν
634 2245 734 2332 εἶναι,
750 2244 909 2313 ἁπάντων
919 2241 1086 2330 ἀπέχουσα

76 2354 203 2420 141τῶν
224 2352 377 2431 αἰσχρῶν.
418 2345 578 2432 τεκμήρια
590 2344 622 2413 δ’
634 2342 731 2431 ἡλίκα
747 2346 871 2413 τούτου
882 2343 1084 2429 θεωρήσατε.

135 2447 340 2528 πρῶτονμὲν
350 2447 448 2528 μόνοι
458 2453 528 2510 τῶν
538 2446 673 2511 πάντων
683 2445 876 2526 ἀνθρώπων
893 2444 946 2508 ἐπὶ
956 2455 1023 2518 τοῖς
1033 2466 1087 2505 τε-

135 2542 313 2623 λευτήσασι
323 2546 463 2628 δημοσίᾳ
478 2554 599 2606 ποιεῖτε
614 2541 736 2625 λόγους
755 2544 962 2621 ἐπιταφίους,
986 2541 1022 2602 έν
1039 2533 1087 2613 οἷς

134 2651 285 2722 κοσμεῖτε
304 2636 344 2703 τά
368 2645 436 2703 τῶν
447 2636 588 2721 ἀγαθῶν
603 2635 739 2719 ἀνδρῶν
749 2642 837 2720 ἔργα.
872 2639 977 2700 καίτοι
998 2633 1083 2702 τοῦτ’
1096 2662 1148 2715 500

134 2741 202 2802 ἔστι
213 2733 250 2802 τὸ
261 2735 461 2820 ἐπιτήδευμα
468 2734 656 2820 ζηλούντων
667 2733 804 2820 ἀρετὴν,
812 2731 853 2801 ού
863 2749 931 2812 τοῖς
941 2735 993 2800 ἐπὶ
1004 2735 1086 2800 ταύ-

134 2857 173 2917 τῃ
185 2834 381 2915 τιμωμένοις
392 2833 630 2917 φθονούντων.
666 2833 734 2900 εἶτα
751 2843 905 2919 μεγίστας
923 2837 1030 2900 δίδοτε
1048 2838 1083 2900 έκ

134 2924 259 3005 παντός
269 2936 331 2995 τοῦ
340 2931 466 3014 χρόνου
484 2930 610 3016 δωρεάς
621 2946 688 3009 τοῖς
698 2929 777 3009 τούς
787 2930 970 3017 γυμνικούς
982 2940 1076 2999 νικῶ-

134 3046 188 3092 σιν
210 3024 342 3111 ἀγῶνας
362 3027 441 3106 τούς
463 3037 675 3119 στεφανίτας,
698 3032 752 3096 καὶ
769 3029 846 3115 οὐχ,
871 3030 973 3117 ὅτιτῇ
984 3033 1084 3117 φύσει

133 3123 261 3191 τούτων
281 3121 404 3208 ὀλίγοις
424 3130 589 3212 μέτεστιν,
623 3128 833 3213 ἐφθονήσατε
855 3142 921 3207 τοῖς
930 3135 1081 3214 έχουσιν,

135 3218 208 3286 οὐδ’
226 3223 379 3301 ἐλάττους
395 3225 589 3311 ἐνείματε
553 3252 611 3304 τας
621 3253 715 3311 τιμας
732 3225 786 3293 διά
803 3233 915 3293 ταῦτα.
952 3224 1036 3308 πρὸς
1047 3225 1082 3290 δὲ

134 3318 264 3396 τούτοις
291 3322 454 3402 τοιούτοις
482 3317 583 3391 οὖσιν
611 3324 720 3401 οὐδεὶς
746 3323 879 3392 πῶποτε
899 3326 962 3409 τὴν
983 3324 1083 3390 πόλιν

133 3413 229 3502 ἡμῶν
241 3409 280 3483 εύ
298 3427 404 3486 ποιῶν
425 3426 518 3488 δοκεῖ
536 3429 682 3508 νικῆσαι·
712 3423 875 3500 τοσαύτας
896 3418 1083 3506 ὑπερβολάς
