2370 3854
360 224 502 285 ΠΡΟΣ
526 223 819 285 ΛΕΠΤΙΝΗΝ.
1027 221 1067 285 33

112 389 219 453 καίτοι
236 385 292 452 καὶ
308 381 387 467 παρ’
402 386 538 462 ἐκείνοις
548 386 634 462 τινές
646 387 729 450 εἰσιν
740 393 819 464 ίσως
830 382 962 470 ἀγαθοί.
996 385 1067 471 ἐμοὶ

114 482 150 551 δὲ
161 489 337 566 δοκοῦσιν,
361 474 390 548 ω’
407 480 526 563 ἀνδρες
536 479 720 568 Ἀθηναῖοι,
743 483 864 562 πάντες
882 487 1067 551 οίτοιοῦτοί

112 583 207 668 λόγοι
227 581 459 667 παροξυντικοὶ
481 579 542 666 μὶν
563 578 647 646 εἶναι
670 577 754 664 πρὸς
775 577 812 646 τό
836 577 893 658 τάς
921 579 1067 658 ἀτελείας

112 680 199 767 ὑμᾶς
216 678 399 765 ἀφελέσθαι
415 692 541 763 πεῖσαι,
565 675 607 746 ού
624 681 736 763 μέντοι
749 682 872 745 δίκαιοί
879 675 912 763 γ’
926 676 1065 764 οῦδαμῆ.

113 777 154 846 ού
173 777 237 865 γάρ
254 777 365 865 ἀγνοῶ
383 776 495 863 τοῦθ’,
518 775 569 844 ὅτι
581 783 720 864 Θηβαῖοι
737 777 792 845 καὶ
809 777 1067 862 Λακεδαιμόνιοι

111 882 167 945 καὶ
181 874 274 963 ἡμεῖς
290 874 366 944 οῦτε
383 877 498 962 νόμοις
515 873 591 942 οὔτ’
609 881 701 944 ἔθεσι
710 877 869 962 χρώμεθα
879 890 946 954 τοῖς
956 873 1066 954 αῦτοῖς
1117 951 1120 955 ,

54 997 103 1051 106
113 976 190 1045 οῦτε
206 982 362 1066 πολιτείᾳ.
396 973 477 1043 αῦτό
493 975 558 1060 γάρ
574 984 672 1043 τοῦτο
690 983 841 1060 πρῶτον,
865 972 961 1042 δνῦν
973 965 1065 1041 οῦτοι

112 1076 328 1160 ποιήσουσιν,
357 1074 416 1141 ἐάν
437 1081 541 1140 ταῦτα
562 1077 721 1160 λέγωσιν,
750 1072 812 1141 οὐκ
835 1078 936 1154 ἔξεστι
958 1087 1067 1140 ποιεῖν

114 1171 202 1258 παρὰ
213 1187 280 1250 τοῖς
293 1169 630 1257 Λακεδαιμονίοις,τά
645 1179 714 1239 τῶν
722 1169 910 1258 Ἀθηναίων
920 1174 1066 1240 ἐπαινεῖν

112 1271 235 1358 νόμιμα
252 1269 332 1340 οῦδὲ
348 1272 388 1338 τά
406 1279 474 1338 τοῖν
485 1277 621 1355 δείνων,
647 1279 775 1339 πολλοῦ
784 1273 888 1356 γεκαὶ
901 1275 965 1356 δεῖ,
989 1268 1064 1336 ἀλλ’

114 1367 136 1437 ἀ
150 1379 191 1458 τῇ
207 1368 285 1453 παρ’
307 1373 442 1445 ἐκείνοις
452 1374 599 1453 πολιτεία
610 1368 789 1452 συμφέρει,
812 1365 906 1433 ταῦτ’
919 1369 1066 1432 ἐπαινεῖν

113 1467 241 1552 ἀνάγκη
259 1467 314 1531 καὶ
331 1477 446 1531 ποιεῖν.
479 1463 547 1531 εἶτα
568 1465 624 1531 καὶ
641 1463 898 1550 Λακεδαιμόνιοι
918 1470 986 1530 τοῖν
1007 1463 1068 1549 μὶν

114 1564 278 1632 τοιούτων
290 1560 487 1649 ἀφεστᾶσιν,
510 1561 608 1631 άλλαι.
619 1566 658 1629 δέ
665 1588 752 1641 τινες
763 1559 842 1647 παρ’
857 1566 994 1642 ἐκείνοις
1005 1565 1066 1632 είσὶ

113 1664 212 1747 τιμαὶ,
224 1658 263 1740 ἀς
274 1657 442 1742 ἀπεύξαιτ’
455 1656 498 1729 ἀν
510 1658 624 1741 άπαςὸ
637 1666 739 1748 δῆμος
749 1664 887 1728 ἐνταυθὶ
896 1665 1063 1746 γενέσθαι.

56 1780 103 1835 107
113 1768 199 1840 τίνες
221 1755 286 1827 οῦν
306 1767 389 1828 είσιυ
410 1753 524 1841 αῦταις
545 1758 603 1839 τοὶς
624 1762 685 1846 μὲν
705 1758 788 1827 καθ’
805 1761 946 1827 ἕκαστον
966 1760 1063 1845 ἐάσω,

114 1865 192 1945 μίαν
204 1856 247 1945 δ’,
259 1855 281 1945 ἢ
293 1865 505 1946 συλλαβοῦσα
517 1857 575 1937 τάς
586 1858 687 1937 ἀλλας
697 1864 777 1944 ἔχει,
791 1862 897 1944 δίειμι.
931 1856 1065 1926 ἐπειδάν

113 1984 162 2034 τις
182 1964 226 2035 είς
241 1957 303 2044 την
318 1960 529 2043 καλουμένην
544 1965 724 2043 γερουσίαν
734 1961 875 2048 ἐγκρνθῇ
887 1957 1065 2045 παρασχὼν

114 2053 219 2123 αὑτὸν
229 2053 300 2124 οἷον
311 2057 383 2143 χρη,
407 2057 565 2142 δεσπότης
575 2058 643 2124 ἐστὶ
659 2063 728 2125 τῶν
745 2066 889 2126 πολλῶν.
922 2061 991 2125 ἐκεῖ
1003 2059 1064 2143 μὲν

114 2157 177 2242 γάρ
196 2160 265 2224 ἐστι
280 2165 338 2242 τῆς
355 2154 471 2242 ἀρετῆς
488 2148 597 2223 ἆθλον
609 2162 667 2242 τῆς
679 2163 843 2234 πολιτείας
853 2162 957 2243 κυρίφ
968 2158 1065 2243 γενέ-

115 2265 195 2322 σθαι
208 2252 368 2340 μετὰτῶν
379 2251 513 2339 ὁμοίων,
526 2252 614 2337 παρά
627 2252 657 2321 δ’
669 2251 747 2339 ἡμῖν
769 2252 890 2339 ταύτης
900 2252 991 2339 μὶνὸ
1005 2258 1065 2338 δῆ-

112 2378 174 2442 μος
191 2352 322 2436 κύριος,
346 2354 400 2418 καὶ
418 2351 494 2437 ἀραὶ
505 2353 560 2419 καὶ
570 2352 668 2437 νόμοι
678 2354 732 2420 καὶ
743 2356 890 2438 φυλακαὶ
901 2351 990 2432 ὅπως
999 2379 1066 2440 μη-

115 2454 182 2529 δεὶς
193 2449 291 2528 ἀλλος
301 2448 417 2536 κύριος
425 2450 614 2537 γενήσεται,
636 2453 794 2537 στέφανοι
811 2452 846 2519 δέ
856 2454 912 2520 καὶ
923 2448 1065 2521 ἀτέλειαι

115 2551 169 2618 καὶ
180 2548 321 2635 σιτήσεις
335 2551 389 2616 καὶ
399 2550 536 2617 τοιαῦτά
547 2553 651 2635 ἐστιν,
665 2543 714 2618 ὦν
724 2549 767 2618 ἀν
776 2577 824 2630 τις
835 2548 922 2639 ἀνὴρ
936 2549 1064 2637 ἀγαθὸς

56 2668 106 2722 108
116 2645 164 2716 σῦν
175 2647 275 2734 τύχοι.
309 2652 364 2716 καὶ
380 2647 475 2716 ταῦτ’
492 2647 664 2735 ἀμφότερα
682 2646 795 2733 ὀρθῶς
806 2655 886 2736 ἔχει,
909 2652 964 2718 καὶ
974 2648 1069 2717 τάκεῖ

116 2748 170 2815 καὶ
186 2745 226 2813 τά
244 2744 322 2832 παρ’
342 2745 429 2833 ἡμῖν,
463 2745 517 2814 διά
528 2755 562 2815 τί
566 2775 575 2828 3
597 2745 648 2814 ὅτι
658 2745 715 2824 τάς
725 2747 785 2833 μὲν
797 2745 852 2813 διά
863 2755 932 2815 των
943 2747 1065 2832 ὀλίγων

115 2852 279 2922 πολιτείας
295 2843 332 2912 τό
344 2845 470 2924 πάντας
481 2850 567 2931 ἔχειν
577 2855 652 2914 ίσον
663 2843 816 2930 ἀλλήλοις
826 2845 904 2924 τοὺς
914 2854 983 2913 τεῦυ
993 2872 1065 2914 κοι-

115 2951 186 3010 νῶν
203 2951 340 3028 κυρίους
357 2940 511 3030 ὁμονοεῖν
528 2959 629 3031 ποιεῖ,
651 2944 757 3030 τηνδὶ
768 2945 962 3031 τιῦνδήμων
973 2949 1130 3020 ἕλευ-490

115 3048 235 3126 θερίαν
254 3039 276 3128 ἡ
297 3051 365 3109 των
386 3040 526 3128 ἀγαθῶν
548 3042 681 3130 ἀνδρῶν
701 3043 838 3129 ἀμιλλα,
860 3042 904 3130 ἣν
925 3047 977 3111 ἐπὶ
997 3057 1067 3122 ταῖς

54 3158 105 3212 109
116 3138 205 3224 παρά
216 3148 278 3207 τοῦ
289 3141 395 3226 δήμου
407 3147 545 3228 δωρεαῖς
555 3139 638 3230 πρὸς
649 3143 788 3222 ἑαυτούς
798 3151 986 3230 ποιοῦνται,
1000 3169 1067 3230 φυ-

118 3239 234 3307 λάττει.
265 3240 320 3306 καὶ
330 3238 397 3325 μὴν
407 3243 482 3325 περὶ
492 3247 554 3308 τοῦ
564 3266 601 3326 γε
611 3242 693 3327 μηδὲ
703 3248 870 3328 Θηβαίους
882 3244 1007 3329 μηδένα
1017 3269 1068 3310 τι-

117 3345 199 3423 μῦν,
222 3333 321 3402 ἐκεῖν’
335 3331 378 3403 ἀν
389 3343 472 3423 ἔχειν
484 3345 588 3407 εἰπεῖν
608 3339 732 3427 ἀληθὲς
753 3338 854 3428 οἶμαι.
891 3347 1017 3430 μεῖζον,
1040 3335 1067 3410 ά

118 3437 238 3581 ἀνερες
247 3433 431 3583 Ἀὴθηναῖοιιῐ,
445 3444 583 3524 Θηβαῖοι
594 3444 782 3524 φρονοῦσιν
792 3436 845 3507 ἐπ’
859 3437 1001 3527 ὠμότητι
1012 3442 1067 3510 καὶ

188 3539 272 3582 εωοεῐ
293 3569 298 3581 .
423 3569 429 3582 .
844 3539 863 3592 3
