2370 3854
321 219 464 281 ΚΑΤΑ
483 218 757 291 ΑΦΟΒΟΤΑ.
962 215 1022 278 307

72 382 105 452 δ’
122 386 159 452 ἐν
172 395 241 460 ταῖς
253 393 374 467 ψυχαῖς
389 376 584 464 ἀγριότητας
605 381 642 444 αί
656 381 726 443 τόν
723 385 936 497 νομοθετφν
953 378 1023 457 ἐξο-

72 487 197 579 ρίζουσι
222 480 373 548 διάνοιαι.
409 476 494 554 ολοτς
518 473 549 543 δ
572 472 672 544 οὐδὲν
698 473 775 542 οὔτε
797 473 923 561 σεμνόν
946 475 1023 544 οὔτε

69 582 266 648 σπουδαῖον.
294 573 480 662 εὑρήσομεν
514 570 534 641 ὃ
560 571 604 660 μή
631 572 740 693 νόμου
764 573 1022 662 κεκοινώνηκεν,
1106 634 1107 638 ,

26 678 138 748 θλέπεὶ
154 677 210 745 καὶ
231 680 292 794 τόγ
316 674 399 743 όλον
419 673 547 759 κόσμον
570 670 681 741 καὶ
644 699 686 740 τα
703 681 782 741 θεια
802 673 857 742 καὶ
881 670 940 753 τάς
960 701 1024 741 κα-

68 777 233 862 λουμένας
255 772 344 860 ὥροις
363 774 466 860 νόμος
489 772 544 840 καὶ
563 771 669 858 τάξις,
703 777 733 840 εί
751 768 813 856 χρή
841 784 909 850 τοῖς
935 767 1023 855 ὁρω-

68 877 180 960 μένοις
194 872 381 960 πιστεάειν,
399 877 538 941 διοικεῖν
549 877 713 958 φαίνεται.
735 872 1022 954 παρακαλέσαντες

69 965 132 1040 οὖν
152 970 239 1059 ὑμᾶς
263 969 403 1058 αὐτους,
431 963 592 1056 άάνδρες
610 967 797 1056 Ἀθηναῖοι,
830 968 1021 1056 βοηθήσατε

68 1070 129 1156 μὲν
142 1084 211 1149 τοῖς
224 1070 355 1157 νόμοις,
381 1076 659 1158 καταψηφίσασθε
674 1068 710 1136 δὲ
723 1075 791 1136 τοῖν
809 1073 855 1147 είς
872 1071 909 1137 τὸ
925 1078 1021 1137 θεῖον

68 1165 203 1256 ἀσεβεῖν
227 1173 478 1258 προηρημέυων.
511 1168 567 1236 καὶ
590 1165 685 1234 ταῦτ’
712 1165 771 1234 ἐάν
796 1170 953 1254 πράξητε,
978 1164 1018 1234 τά

68 1268 186 1334 δέοντα
198 1266 351 1352 ποιήσετε
365 1269 419 1334 καὶ
431 1264 471 1333 τά
483 1266 641 1350 κράτιστα
657 1276 845 1352 ψηφιεῖσθε.

488 1573 597 1630 xxvn.

203 1727 326 1794 ΚΑΤΑ
357 1728 554 1795 ΑΦΟΒΟΥ
574 1673 876 1796 ΕΠΙΤΡΟΠΗΣ.

434 1895 657 1954 ΥΠΟΘΕΣΙΣ.

62 1987 304 2122 Δημοσθένης’
290 2045 307 2083 ο
323 2015 503 2100 Παιανιευς,
521 2018 666 2101 Δημοσθέ
665 2042 735 2093 νους
750 2042 803 2082 του
789 2015 940 2102 ρήτορος
956 2041 1013 2080 πα-

62 2098 131 2186 τηρ,
153 2109 292 2167 τελευτῶν
303 2103 350 2166 έπί
361 2101 416 2167 δόο
432 2104 532 2184 παισί,
548 2109 596 2211 τῷ
611 2128 642 2166 τε
652 2102 839 2182 Δημοσθένει
855 2101 1013 2203 καίθυγα

61 2188 123 2270 τρὶ,
147 2183 320 2286 ἐπιτρόπους
337 2189 495 2267 καθίστησι
506 2188 557 2248 και
574 2193 633 2248 τῶν
644 2187 760 2247 παίδων
771 2209 822 2246 και
831 2189 891 2246 τῶν
901 2180 1012 2266 χρημά-

60 2295 120 2332 των
133 2294 224 2350 τρεις,
248 2264 350 2331 δόο
318 2293 372 2348 μεν
384 2277 546 2350 συγγενεῖς,
560 2264 695 2350 ’Ἀφοβόν
710 2291 741 2329 τε
751 2266 802 2329 καί
812 2273 1011 2347 Δημοφῶντα,

61 2353 113 2414 ενα
131 2352 163 2414 δὲ
181 2354 270 2431 φίλον
281 2351 381 2412 έκπαί
368 2354 457 2431 ίδων,
480 2354 677 2434 Θηριππίδην.
700 2351 751 2412 καί
771 2352 1013 2455 Θηριππίδην
959 2349 1013 2429 μὲν

61 2437 182 2498 δίδωσιν
181 2378 395 2537 φέβδομήκοντα
403 2440 594 2518 καρποῦσθαι
605 2440 695 2516 μνᾶς,
708 2430 791 2516 άχρις
803 2429 842 2496 άν
853 2434 1011 2535 Δημοσθέ-

60 2545 113 2599 νης
130 2521 170 2592 είς
187 2515 298 2621 άνδρας
316 2519 465 2621 ἐγγραφῇ
488 2524 670 2622 Δημοφωντι
688 2518 721 2581 δὲ
733 2510 874 2605 έγγνᾷ
842 2542 901 2622 την
913 2525 1010 2624 θυγα-

58 2595 1011 2792 {ffafffzssssz‘iwssssai‘ssz‘’‘“1230022232512ffla“1335ss
1020 2615 1071 2669 ⁸¹²

493 2733 503 2766 ι
891 2731 920 2788 ι,

57 2766 212 2852 βοάλην
181 2795 236 2850 την
246 2769 398 2852 Γύλωνος,
418 2765 501 2848 άξιοῖ
511 2768 666 2855 γήμασθαι
683 2777 758 2852 μνᾶς
776 2763 894 2845 έπεδοδς
904 2762 1011 2873 όγδοή-

57 2877 165 2932 κοντα,
196 2853 247 2915 καί
263 2861 393 2958 χρήσθαι
409 2852 519 2920 κελεόει
539 2862 578 2941 τή
598 2880 628 2919 τε
644 2857 724 2940 οἰκία
741 2856 791 2917 καί
808 2861 869 2929 τοῖς
886 2848 972 2918 ἔν’
935 2860 1012 2959 αυτή

57 2933 172 2999 σκεόεσι
183 2936 265 3018 μέχρι
278 2945 329 3018 τῆς
341 2941 554 3044 Δημοσθένους
567 2943 607 3015 είς
618 2917 729 3042 άνδράς
746 2939 905 3041 ἐγγραφής.
929 2927 1010 3001 οὗτοι

55 3046 92 3083 τα
80 3014 155 3124 μέγ
166 3021 294 3084 δοθέντα
289 3017 437 3123 χρήματα
448 3017 548 3098 αότοις
560 3017 652 3098 εόθυς
663 3019 862 3126 λαμβάνουσι,
878 3045 965 3102 γαμει
956 3020 1009 3083 δὲ

55 3099 121 3167 οὔτε
124 3097 297 3185 ’Ἀφοβος
265 3128 321 3186 την
330 3130 460 3187 γυναικα
475 3131 527 3171 του
515 3104 759 3208 τελευτήσαντος
775 3128 842 3167 ουτε
852 3109 1007 3205 Δημοφων

54 3181 109 3268 τήν
119 3188 279 3290 θυγατέρα.
312 3192 537 3294 διαχειρίσαντες
554 3184 635 3253 δὲ
601 3215 663 3272 την
671 3181 777 3252 οὐσίαν
792 3181 937 3269 τεττάρων
954 3188 1006 3250 καλ

55 3272 127 3334 δέκα
143 3268 347 3375 ταλάντων,’
328 3299 368 3348 οις
379 3298 395 3338 ο
383 3268 502 3358 “ρήιοιρ
513 3273 606 3337 έπιδεί
593 3276 731 3377 ίκνυσιν,
744 3265 908 3352 ὀφείλοντες
923 3267 1005 3373 τριά-

54 3379 144 3418 κοντα
162 3352 291 3419 τάλαντα
314 3357 425 3420 ε’κτισαι
445 3357 620 3462 ἒπικαμτίας
639 3356 689 3418 καλ
683 3351 893 3504 έάποδοῦναι,
914 3349 1006 3440 μικρδ

51 3445 200 3514 παντελῶς
210 3440 386 3524 παρέδωκαν
395 3443 435 3516 είς
446 3437 583 3526 άνδρας’
569 3465 681 3526 εγγραφ
683 3441 742 3504 ἐντι
758 3464 799 3526 τφ
785 3441 1007 3520 Δημοσθένει

749 3527 810 3587 *λθ*
