2370 3854
354 221 497 282 ΚΑΤΑ
525 219 771 282 MEIAIOY.
980 222 1042 288 113

83 410 154 462 πως
164 390 251 470 ἔχετε
262 379 365 469 ὑμεῖς,
378 383 460 468 μηδὲ
470 377 531 448 τόν
542 387 690 448 πλοῦτον
700 383 781 467 μηδὲ
793 382 856 470 τήν
866 386 968 465 δόξαν
979 385 1042 473 τήν

83 483 214 551 τούτων
225 480 428 567 θαυμάζετε,
441 475 517 546 ἀλλ’
531 475 618 564 ὑμᾶς
627 477 760 560 αὐτούς.
792 484 899 551 πολλὰ
910 485 1042 562 τούτοις

84 581 198 668 ἀγαθοί
210 585 309 666 ἐστιν,
321 575 344 646 δι’
354 578 494 656 τούτους
511 575 620 656 οὐδεὶς
636 577 758 646 κωλύει
773 589 970 668 κεκτῆσθαι·
997 584 1040 669 μή

84 688 201 748 τοίνυν
211 677 288 765 μηδ’
302 668 396 746 οὗτοι
406 674 468 764 τήν
480 675 613 763 ἄδειαν,
635 674 679 763 ήν
696 674 776 764 ήμίν
793 677 912 766 κοινήν
923 679 1042 749 οὐσίαν

41 809 72 859 ll
83 785 115 846 οί
125 778 224 862 νόμοι
234 778 425 863 παρέχουσι,
436 775 639 843 κωλυόντων
651 785 842 864 κεκτῆσθαι.
862 777 963 847 οὐδὲν
975 784 1041 847 δει-

84 877 146 945 νὸν
163 872 238 946 οὐδ’
259 872 404 943 ἐλεεινὸν
414 879 556 954 Μειδίας
573 880 734 962 πείσεται,
757 871 801 943 διν
817 885 873 944 ίσα
884 878 1040 964 κτήσηται

83 989 152 1054 τοῖς
163 983 297 1053 πολλοῖς
308 971 422 1061 ὑμῶν,
444 970 504 1054 οὓς
515 981 580 1042 νῦν
590 971 715 1063 ὑβρίζει
724 977 779 1045 καί
789 971 939 1062 πτωχοὺς
955 976 1042 1050 ἀπο-
1136 972 1137 976 ’

83 1084 192 1160 καλεῖ,
205 1071 227 1141 δι’
240 1073 275 1142 δὲ
286 1079 354 1141 νῦν
364 1071 513 1160 περιόντ’
525 1070 631 1141 αὐτὸν
641 1071 786 1161 ὑβρίζειν
797 1077 934 1160 ἐπαίρει,
947 1100 1041 1161 περι-

84 1181 212 1262 αιρεθή.
237 1170 307 1241 οὐδ’
319 1165 414 1243 οὗτοι
425 1171 534 1258 δήπου
544 1168 647 1239 ταῦθ’
660 1168 757 1257 ὑμῶν
767 1179 830 1240 είσι
841 1178 962 1241 δίκαιοι
972 1179 1041 1241 δεδ-

84 1270 255 1360 σθαι,“μη
267 1269 350 1339 κατὰ
362 1270 442 1350 τοὺς
453 1271 579 1356 νόμους
590 1270 745 1357 δικόσητε
752 1321 761 1355 ,
775 1263 803 1337 ὦ
814 1269 932 1356 ἄνδρες
945 1277 1041 1340 δικα-

78 1372 188 1440 “σταί·
211 1370 256 1458 μὴ
274 1370 465 1458 βοηθήσητε
481 1376 528 1458 τῷ
544 1369 729 1436 πεπονθότι
747 1369 856 1435 δεινά·
879 1368 923 1454 μή
942 1367 1041 1455 εὐορ-

77 1469 202 1539 “κεῖτε·
224 1469 305 1558 ήμϊν
322 1468 399 1537 δότε
416 1466 478 1554 τήν
494 1468 593 1556 χάριν
603 1463 753 1553 ταότην.”
777 1475 880 1534 ταῦτα
891 1467 971 1554 γὰρ,
997 1468 1040 1536 ἄν

83 1596 114 1636 τι
127 1572 265 1637 δέωνται
276 1571 350 1659 περὶ
360 1567 500 1652 τούτου,
513 1567 703 1654 δεήσονται,
725 1561 791 1634 κόν
806 1563 851 1651 μή
870 1572 974 1633 ταῦτα
985 1571 1039 1635 λε’-

42 1712 72 1762 12
84 1689 166 1754 γωσι
185 1667 225 1737 τὰ
244 1668 380 1755 ῥήματα.
414 1663 488 1735 ἀλλ’
507 1675 598 1750 είπερ
617 1668 678 1734 είσί
688 1672 795 1751 φίλοι,
818 1666 874 1733 καί
886 1663 999 1732 δεινὸν
1011 1672 1042 1734 εί

82 1768 126 1854 μὴ
137 1767 316 1856 πλουτήσει
326 1771 469 1846 Μειδίας
479 1765 649 1853 ἡγοῦνται,
662 1769 723 1834 εἰσί
734 1767 796 1851 μὲν
807 1770 853 1843 εἰς
861 1763 901 1832 τὰ
910 1763 1035 1849 μάλιστ’

82 1864 177 1935 αὐτοὶ
188 1865 360 1953 πλούσιοι,
383 1869 439 1933 καὶ
451 1873 559 1944 καλῶς
570 1872 719 1948 ποιοῦσι,
739 1860 930 1950 χρήματαδ
946 1861 1038 1950 αὐτῷ

82 1963 161 2051 παρ’
182 1966 310 2032 ἑαυτῶν
327 1965 474 2049 δόντων,
496 1962 542 2032 ἵν’
562 1960 657 2050 ὑμεῖς
667 1966 728 2049 μὲν
739 1959 796 2048 ἐφ’
808 1957 857 2041 οἷς
867 1962 1037 2050 είσήλθετε

83 2065 291 2151 ὀμωμοκότες
302 2071 437 2145 δικαίως
447 2070 656 2152 ψηφίσησθε,
680 2054 773 2129 οὗτοι
785 2063 821 2130 δὲ
832 2059 911 2148 παρ’
924 2058 1038 2128 αὐτῶν

83 2163 141 2243 τόις
152 2165 285 2251 χάριτας
292 2215 301 2249 ,
323 2163 367 2250 μή
387 2162 467 2250 μετὰ
479 2171 538 2249 τῆς
548 2161 708 2251 ὑμετέρας
719 2160 891 2246 αίσχόνης,
914 2166 1040 2226 ποιων-

82 2290 144 2330 ται.
179 2269 209 2330 εί
224 2263 256 2331 δ’
268 2254 363 2330 οὗτοι
374 2258 512 2348 χρήματ’
527 2266 656 2345 ἔχοντες
666 2256 710 2346 μή
722 2255 872 2344 πρόοιντ’
886 2253 947 2344 δν,
970 2265 1039 2336 πῶς

83 2358 654 2446 ὑμῖνκαλόντὸνὅρκονπροέσθαι;

35 2495 74 2549 ,13
168 2457 331 2526 Πλούσιοι
349 2458 466 2525 πολλοὶ
482 2454 737 2542 συνεστηκότες,
762 2447 790 2522 ω’
808 2451 1038 2541 όνδρεςἏθη-

83 2568 186 2643 ναίοι,
208 2553 245 2624 τδ
266 2559 379 2623 δοκεῖν
390 2555 477 2634 τινὲς
488 2552 572 2622 εἶναι
584 2551 629 2622 δι’
641 2551 803 2641 εὐπορίαν
813 2552 1039 2639 προσειληφό-

82 2684 150 2742 τες,
172 2654 268 2742 ὑμῶν
279 2659 416 2739 παρίασι
427 2651 631 2740 δεησόμενοι.
665 2651 795 2721 τούτων
805 2655 925 2739 μηδενί
933 2677 988 2736 με,
1013 2645 1042 2718 ό

83 2755 201 2838 ἄνδρες
216 2751 403 2839 Ἀθηναῖοι,
423 2762 590 2838 προῆσθε,
602 2750 677 2820 ἀλλ’
690 2749 801 2837 ὥσπερ
812 2752 948 2830 ἕκαστος
958 2750 1098 2822 τού-583

83 2880 150 2921 των
172 2848 257 2937 ὑπὲρ
279 2859 348 2919 τῶν
368 2855 435 2939 ίδίηι
458 2852 702 2938 συμφερόντων
724 2852 780 2919 καὶ
805 2847 888 2935 ὑπὲρ
915 2851 1038 2919 τούτου

83 2950 323 3035 σπουδάσεται,
348 2949 455 3030 οὕτως
473 2949 660 3037 ὑμείςὺπὲρ
672 2947 769 3036 ὑμῶν
780 2948 893 3017 αὐτῶν
904 2951 1038 3016 καὶτῶν

82 3051 196 3136 νόμων
213 3051 268 3116 καὶ
283 3051 367 3135 ἐμοῦ
383 3056 444 3117 τοῦ
464 3047 520 3135 ἐφ’
535 3046 621 3134 ὑμᾶς
632 3046 920 3133 καταπεφευγότος
932 3067 1037 3112 σπον-

82 3149 220 3234 δόσατε,
243 3149 298 3216 καὶ
314 3146 476 3235 τηρήσατε
494 3147 555 3233 τήν
566 3147 705 3235 ννιόμην
715 3146 841 3232 ταύτην
853 3141 907 3229 ἐφ’
920 3136 960 3229 ἧς
971 3150 1036 3210 νῦν

35 3272 73 3325 οι
82 3251 160 3316 ἐστέ.
195 3242 327 3331 καὶγὰρ
338 3245 454 3332 εἰμὲν,
471 3237 824 3332 οἷόνδρεςἉθηναίοι,
836 3240 913 3311 τόθ’
927 3240 977 3310 ὅτ’
991 3234 1035 3329 ήν

80 3345 100 3434 ἡ
113 3343 274 3432 προβολή,
286 3340 326 3430 τὰ
339 3347 552 3432 πεπραγμένα
564 3343 582 3412 ὁ
596 3348 698 3432 δῆμος
708 3341 854 3424 ἀκούσας
864 3339 1037 3429 ιἰπεχειρο-

81 3446 200 3530 τόνησε
210 3446 371 3528 Μειδίου,
384 3439 447 3511 οὐκ
459 3439 502 3512 όν
514 3441 635 3531 ὁμοίως
645 3435 689 3530 ήν
699 3441 826 3513 δεινόν·
848 3439 978 3528 καὶγὰρ
990 3440 1034 3528 μή

113 3540 250 3594 Demosth.
286 3539 345 3591 Vol.
361 3537 399 3590 11.
813 3543 837 3598 Β
