2370 3854
145 212 208 276 478
371 219 424 273 XL.
459 214 876 278 ΔΗΜΟΣΘΕΝΟΥΣ

497 382 748 443 ΜΑΡΤΥΡΕΣ.

117 498 135 547 ε
232 473 303 560 Τῆν
320 476 382 561 μέν
398 482 515 542 τοίνυν
531 478 655 560 μητέρα
671 476 732 561 τῆν
748 475 830 561 έμῆν
842 476 975 557 ούτωςὸ
988 479 1094 565 πατῆρ

143 601 209 658 μου
226 577 333 661 γῆμας
350 573 413 661 εἶχε
425 588 569 660 γυναῖκα
580 578 617 642 ἐν
627 584 668 662 τῆ
680 580 767 663 οίκίᾳ
777 585 819 663 τῆ
830 578 960 644 ἑαυτοῦ.
992 579 1051 661 ἐμέ
1058 602 1094 643 τε

141 677 294 741 ἐπαίδευε
315 679 371 741 καὶ
393 672 520 760 ῆγοίπα,
544 671 656 758 ὥσπερ
677 677 732 743 καί
746 672 839 760 ὑμεῖς
855 674 998 755 ἅπαντες
1016 673 1095 754 τούς

140 771 320 859 ὑμετέρους
330 778 447 852 παῖδας
458 771 614 857 ἀγαπᾶτε.
635 780 676 859 τῆ
688 772 724 841 δὲ
735 773 864 841 τούτων
874 777 1094 860 μητρὶΠλαγ-

141 870 216 954 γόνι
233 874 430 957 ἐπλησίασεν
447 869 562 938 ὅντινα
580 870 621 955 δή
639 869 711 938 ποτ’
731 865 796 938 ούν
814 873 954 956 τρόπον·
978 870 1019 940 ού
1030 870 1094 957 γαρ

115 968 221 1053 9ἐμὸν
232 977 330 1035 τούτο
342 973 449 1052 λέγειν
459 971 534 1035 ἐστί.
568 969 624 1035 καί
636 967 742 1048 οὕτως
753 968 795 1036 ού
806 968 913 1038 πάντα
923 998 962 1057 γε
972 965 1016 1057 ῆν
1026 967 1092 1038 ύπὸ

140 1074 198 1152 τῆς
219 1068 395 1151 ἐπιθυμίας
416 1071 672 1153 κεκρατημένος,
696 1065 775 1134 ὥστ’
800 1067 878 1137 οὐδὲ
898 1077 956 1155 τῆς
972 1068 1094 1156 μητρός

139 1172 197 1252 τῆς
214 1170 292 1253 ἐμῆς
310 1163 550 1251 ἀποθανούσης
566 1165 705 1251 ἠξίωσεν
722 1164 828 1254 αύτῆν
845 1174 890 1246 είς
907 1166 968 1253 τῆν
986 1174 1094 1234 οίκίαν

140 1262 219 1350 παρ’
234 1262 354 1332 ἑαυτὸν
365 1267 589 1349 εἰσδέξασθαι,
609 1264 688 1334 οὐδὲ
697 1267 853 1352 τούτους,
867 1263 910 1345 ὦς
920 1271 1002 1345 υίεῖς
1012 1270 1094 1334 είσὶν

140 1362 245 1431 αὑτοῦ
252 1415 261 1449 ,
285 1357 479 1451 πεισθῆναι·
503 1363 585 1432 ύλλδι
604 1366 665 1432 τόν
679 1369 740 1451 μὲν
750 1366 854 1434 ἄλλον
863 1366 987 1453 χρόνον
1000 1357 1095 1434 ούτοι

140 1467 257 1548 διῆγον
270 1461 332 1530 ούκ
345 1461 440 1541 ὅντες
449 1461 578 1549 τούμού
589 1463 727 1551 πατρός,
742 1462 787 1544 ὡς
797 1468 851 1532 καί
862 1462 959 1551 ὑμῶν
970 1470 1004 1533 οί
1011 1474 1094 1533 πολ-

141 1565 193 1629 λοὶ
211 1572 336 1648 ίσασιν,
359 1560 468 1649 έπειδῆ
488 1561 519 1630 δ’
540 1561 654 1632 οὑτοσὶ
666 1561 821 1650 αὐξηθεὶς
831 1568 886 1632 καί
897 1562 976 1650 μεθ’
989 1560 1095 1631 αὑτοῦ

141 1662 477 1749 παρασκευασάμενος
487 1665 705 1749 ἐργαστήριον
714 1670 946 1749 συκοφαντεῖν,
959 1654 1007 1730 ὧν
1015 1660 1094 1748 ῆγε-

140 1758 212 1845 μύν
230 1753 273 1846 ῆν
284 1768 482 1847 Μνησικλῆς
495 1764 549 1828 καί
560 1769 736 1848 Μενεκλῆς
747 1765 871 1840 ἐκεῖνος
882 1759 899 1831 ὁ
912 1762 973 1848 τῆν
983 1769 1093 1828 Νίνου

140 1858 240 1941 ἑλών,
263 1858 340 1942 μεθ’
361 1851 408 1926 οἷν
426 1852 525 1937 ούτος
535 1860 699 1941 ἐδικάζετό
709 1887 775 1947 μου
786 1871 833 1950 τῷ
843 1865 941 1957 πατρί
952 1861 1093 1945 φάσκων

98 1977 131 2028 10
139 1956 212 2035 υίός
230 1955 314 2023 εἶναι
331 1959 470 2023 ἐκείνου.
505 1958 659 2024 συνόδων
680 1958 715 2024 δὲ
734 1960 942 2042 γιγνομένων
958 1963 1092 2023 πολλῶν

139 2054 222 2140 ὑπὲρ
239 2054 385 2137 τούτων,
407 2056 463 2122 καὶ
478 2063 540 2122 τοῦ
556 2053 681 2139 πατρὸς
692 2051 755 2121 ούκ
765 2050 809 2121 ἄν
820 2053 1008 2139 φύσκοντος
1019 2078 1091 2121 πει-

89 2208 106 2225 1
138 2163 262 2241 σθῆναι
285 2151 327 2233 ὡς
351 2145 443 2221 οὗτοι
466 2153 645 2239 γεγόνασιν
666 2156 699 2233 ἐξ
720 2151 842 2238 αύτού,
863 2160 1048 2220 τελευτῶσα
1068 2150 1165 2241 ῆιοὶΙ

137 2254 319 2342 Πλαγγών,
343 2246 371 2322 ω’
387 2253 507 2340 ἄνδρες
523 2256 688 2338 δικασταὶ,
712 2252 834 2340 (πάντα
851 2250 915 2338 γὰρ
928 2252 1092 2339 είρῆσεται

137 2353 266 2440 τάληθῆ
280 2351 362 2440 πρὸς
377 2350 476 2438 ύμοῖς)
487 2351 567 2439 μετὰ
579 2361 640 2420 τοῦ
646 2355 859 2431 Μενεκλέους
869 2350 1092 2436 ἐνεδρεύσασα

137 2451 198 2520 τὸν
210 2458 333 2536 πατέρα
343 2478 410 2537 μου
421 2456 476 2519 καί
487 2453 714 2540 ἐξαπατήσασα
726 2450 815 2540 ὅρκφ
827 2449 863 2530 ὃς
873 2455 1022 2538 μέγιστος
1033 2458 1091 2521 δο-

138 2555 251 2620 κεῖκαὶ
263 2551 449 2630 δεινότατος
460 2553 549 2635 παρὰ
562 2561 663 2621 πᾶσιν
673 2551 867 2639 ἀνθρώποις
878 2550 977 2638 εἶναι,
1001 2549 1091 2639 ὦμο-

138 2651 258 2736 λύγησε
274 2649 451 2737 τριάκοντα
468 2659 553 2735 μνᾶς
569 2658 718 2738 λαβοῦσα
729 2651 867 2728 τούτους
879 2650 1091 2736 μέντοῖςαύ-

138 2757 195 2834 τῆς
211 2748 366 2836 ἀδελφοῖς
384 2751 585 2836 είσποιῆσειν
602 2756 698 2834 υίεῖς,
722 2748 804 2835 αύτῆ
822 2749 866 2835 δ’,
889 2746 933 2817 ύυ
950 2751 1090 2837 πρδςτῷ

139 2851 287 2936 διαιτητῇ
304 2856 507 2934 προκαλῆται
519 2848 623 2934 αύτῆν
635 2847 652 2916 ὁ
665 2848 772 2935 πατῆρ
784 2875 849 2934 μου
861 2847 980 2934 ὀμόσαι
989 2842 1011 2936 ῆ
1021 2847 1090 2937 μῆν

137 2945 216 3025 τούς
227 2951 345 3026 παῖδας
355 2950 387 3028 ἐξ
399 2945 505 3015 αὑτοῦ
516 2954 703 3033 γεγονέναι,
716 2947 757 3016 ού
769 2952 921 3030 δέξεσθαι
931 2948 994 3037 τῆν
1005 2948 1089 3034 πρύ-

138 3055 270 3132 κλησιν
293 3045 422 3115 τούτων
433 3044 498 3132 γὰρ
509 3049 699 3135 γενομένων
711 3047 788 3117 ούτε
798 3049 937 3129 τούτους
948 3047 1088 3117 ἀποστε-

138 3146 300 3232 ρῆσεσθαι
311 3153 369 3230 τῆς
381 3146 521 3230 πόλεως,
534 3155 579 3237 τῷ
591 3174 626 3214 τε
638 3155 739 3236 πατρί
747 3175 813 3235 μου
825 3147 934 3217 ούκέτι
945 3148 1089 3237 δυνῆσε-

138 3253 219 3311 σθαι
236 3241 358 3322 αύτούς
377 3244 550 3332 πράγματα
561 3249 714 3334 παρέχειν
723 3256 781 3333 τῆς
792 3247 914 3334 μητρός
924 3244 1088 3317 αύτῶνού

99 3355 127 3405 ll
139 3345 315 3430 δεξαμένης
331 3342 391 3411 τὸν
408 3343 520 3430 ὅρκον.
554 3351 838 3433 συγχωρηθέντων
855 3348 892 3414 δὲ
906 3347 1037 3415 τούτων
1057 3352 1091 3414 τί

128 3435 179 3501 νύν
199 3438 283 3521 ύμῖν
295 3451 560 3530 μακρολογοίυν;
585 3443 629 3520 ὡς
649 3443 713 3531 γὰρ
737 3446 819 3529 πρὸς
841 3445 900 3515 τόν
918 3443 1088 3534 διαιτητῆν
