2370 3854
313 173 457 236 ΚΑΤΑ
481 169 877 231 ΤΙΜΟΚΡΑΤΟΥΣ
1014 167 1077 232 247

63 349 112 404 123
198 333 311 416 Αζιον
322 337 438 401 τοίνυν
450 335 504 399 καὶ
515 356 595 400 τουτ
598 327 725 398 είπειν
732 381 741 414 ,
764 329 847 398 οσον
857 327 950 416 υμελς
962 333 1078 417 διαφί

123 458 212 517 ρετε,
236 459 262 500 ω
250 424 400 516 ἄνδρες
417 431 584 516 δικασταὶ,
604 426 884 516 μεγαλοφροσύνη
900 437 968 497 τῶν
979 430 1078 519 ρητό-

123 556 202 617 ρων.
234 527 327 616 ὑμεῖς
344 533 459 615 μένγε
476 555 515 595 τα
503 528 586 596 ἐπὶ
597 553 642 618 τῳ
630 529 777 615 πλήθει
788 532 1077 615 νενομοθετημένα

122 626 239 713 δεινοὶ,
255 627 315 695 ἐάν
325 652 403 712 τιςη
389 622 553 711 διχόθεν
563 633 757 714 μισθοφορῇ
768 654 789 713 η
776 621 990 717 ”όφείλων
958 654 1003 694 τω
988 632 1077 714 δη-

121 732 210 815 μοσί
198 752 224 792 ω
244 719 478 812 ἐκκλησιάζη”
456 751 476 810 η
489 724 636 813 δικαζηη
651 723 733 793 άλλο
745 752 776 792 τι
787 727 867 813 ποιῇ
877 751 925 792 ων
937 725 1020 793 οί’
979 752 1077 812 νομοι

121 823 400 911 ἀπαγορεύουσιν,
412 847 455 891 ον
443 820 570 908 ’λύετε,
583 825 638 891 καὶ
648 822 743 890 ταῦτ’
755 849 770 890 ε
772 820 908 900 ίδότες’
888 849 939 902 οτι
951 820 1005 890 διά
1017 849 1077 890 πε-

120 917 229 990 υίαν”
208 947 252 989 αν
264 921 432 1008 ποιήσειεν
445 919 466 1004 ὁ4
475 922 605 989 τούτων
615 949 647 990 τι
657 929 773 1010 ποιῶν,
782 919 913 991 οὕδὲ’
873 947 997 1009 νομους
1007 948 1077 1010 τον

121 1020 241 1100 ούτους
252 1018 399 1111 τίθεσθ’,
417 1020 507 1101 ὅπως
518 1025 649 1102 ἐξουσία
659 1027 750 1089 ἔσται
760 1024 951 1108 ἐξαμαρτεῖν
958 1072 968 1105 ,
992 1017 1077 1089 ἀλλά

121 1119 321 1190 τούναντίον
334 1118 430 1200 ’ὅπως
446 1120 492 1208 μή
501 1145 508 1160 ·
532 1112 626 1188 οὗτοι
643 1117 687 1204 δ’,
712 1119 802 1200 ὅπως
820 1125 853 1189 οί
867 1117 908 1188 τά
927 1129 1077 1205 αἴσχιστοι

61 1241 112 1295 124
122 1223 176 1288 καὶ
192 1219 232 1287 τά
250 1219 423 1288 δεινότατα
440 1225 613 1298 ποιοῦντες
633 1223 728 1305 δίκην
738 1218 783 1306 μὴ
795 1220 972 1287 δοίσουσιν.
1007 1217 1076 1286 εἶτα

122 1322 423 1403 προπηλακίζουσιν
434 1314 521 1402 ὑμεῖς
532 1321 598 1405 ίδίμ
609 1331 677 1395 τοῖς
687 1316 807 1403 λόγοις,
821 1314 866 1397 άς
876 1316 970 1386 αὐτοὶ
980 1321 1076 1387 καλοὶ

121 1416 282 1502 κάγαθοὶ,
306 1419 466 1500 πονηρῶν
487 1416 542 1481 καὶ
564 1411 750 1501 ἀχαρίστων
772 1421 911 1483 οἰκετων
930 1416 1076 1502 τρόπους

122 1520 258 1599 ἔχοντες.
281 1511 410 1598 καὶγὰρ
421 1514 575 1598 ἐκείνων,
588 1506 618 1581 ω’
626 1511 748 1600 άνδρες
764 1517 928 1602 δικασταὶ,
947 1512 1021 1582 ὅσοι
1032 1508 1076 1579 όν

121 1611 295 1695 ἐλεύθεροι
310 1615 487 1698 γένωνται,
511 1607 553 1678 οὐ
570 1617 628 1699 τῆς
644 1615 836 1698 ἐλευθερίας
853 1613 950 1699 χάριν
962 1619 1074 1698 ἔχουσι

119 1726 187 1790 τοῖς
198 1709 383 1796 δεσπόταις,
394 1706 478 1778 άλλά
489 1718 625 1796 μισοῦσι
635 1709 776 1797 μάλιστα
786 1711 923 1778 πάντων
935 1707 1080 1794 άνθρά-’

118 1835 208 1895 πων,
232 1807 283 1877 ότι
294 1815 470 1876 συνίσασιν
480 1805 593 1889 αὑτοῖς
604 1810 832 1899 δουλεύσασιν.
868 1805 954 1884 οὕτω
967 1808 1007 1894 δὴ
1019 1812 1074 1876 καὶ

120 1901 214 1976 οὗτοι
235 1911 270 1975 οί
288 1907 426 1994 ῥήτορες
448 1906 511 1976 οὐκ
523 1907 743 1995 άγαποίσινέκ
757 1909 909 1995 πενήτων
920 1906 1074 1976 πλούσιοι

121 2004 185 2075 άπό
198 2015 255 2093 τῆς
266 2007 394 2086 πόλεως
405 2009 611 2094 γιγνόμενοι,
624 2005 708 2077 ἄλλα
727 2009 783 2077 καὶ
792 2011 1073 2094 προπηλακίζουσι

120 2104 156 2174 τὸ
164 2114 304 2192 πλῆθος,
316 2104 368 2173 ότι
379 2106 535 2174 σύνοιδεν
545 2104 658 2174 αὐτῶν
669 2108 817 2186 ἑκάστοις
826 2106 867 2174 τά
878 2110 915 2174 ἐν
924 2115 965 2194 τῇ
977 2111 1074 2193 πενίᾳ

119 2207 172 2273 καὶ
185 2203 315 2288 νεότητι
326 2204 574 2290 ἐπιτηδεύματα.

61 2337 110 2387 125
202 2299 301 2367 Ἀλλά
312 2299 354 2386 νὴ
366 2300 434 2387 Δί’,
448 2300 585 2387 αἰσχρόν
598 2312 676 2380 λσως
686 2295 731 2388 ἦν
739 2300 960 2389 Ἀνδροτίωνα
972 2308 1075 2390 δεθῆ-

120 2428 176 2468 ναι
192 2395 417 2486 ἢΓλαυκίτην
428 2395 449 2486 ἢ
460 2401 691 2469 Μελάνωπον·
714 2398 756 2469 οὐ
767 2403 812 2488 μὰ
822 2399 882 2470 τὸν
893 2399 962 2488 Δί’,
976 2393 1075 2470 ‹Mav-

120 2504 195 2585 δρες
208 2501 374 2586 δικασταὶ,
387 2496 470 2569 ἄλλα
480 2499 566 2568 πολὺ
578 2509 708 2585 αίσχιον
717 2499 780 2586 τὴν
790 2500 888 2570 πόλιν
898 2499 1076 2587 ἀδικουμέ-

120 2625 184 2685 νην
204 2601 261 2668 καὶ
281 2596 504 2687 ὑβριζομένην
524 2598 569 2685 μὴ
590 2605 706 2687 λαβεῖν
729 2603 826 2684 δίκην
846 2600 900 2667 καὶ
917 2596 1001 2683 ὑπὲρ
1019 2608 1076 2685 τῆς

120 2706 206 2766 θεοῦ
221 2700 277 2766 καὶ
296 2694 380 2783 ὑπὲρ
400 2694 510 2783 αὐτῆς.
544 2699 615 2766 ἐπεὶ
622 2694 836 2783 Ἀνδροτίωνί
849 2724 886 2784 γε
898 2698 1021 2783 πότεροι
1033 2689 1075 2765 οό

120 2805 276 2884 πατρῷον
292 2795 329 2865 τό
349 2802 519 2877 δεδέσθαι;
541 2794 615 2866 ἀλλ’
634 2795 727 2866 αὐτοὶ
745 2807 814 2867 λστε
825 2794 1074 2876 πολλάςπεντε-
1086 2819 1139 2876 740

119 2900 253 2981 τηρίδας
264 2900 300 2963 ἐν
309 2905 357 2985 τῷ
368 2902 578 2987 δεσμωτηρίῳ
592 2901 808 2984 διατρίψαντα
819 2896 880 2965 τὸν
891 2893 1000 2980 πατέρ’
1013 2895 1075 2962 αὐ-

60 3025 110 3080 126
119 3000 179 3060 τοῦ
197 2995 252 3061 καὶ
269 2991 479 3083 ἀποδράντα,
502 2993 578 3065 ἀλλ’
590 2993 653 3064 οὐκ
664 2993 844 3082 ἀφεθέντα.
873 2993 957 3061 α’λλοὶ
969 2990 1023 3059 διὰ
1035 2991 1074 3060 τά

120 3091 359 3179 ἐπιτηδεύματα
375 3093 415 3161 τά
433 3097 470 3162 ἐν
480 3102 520 3183 τῇ
531 3093 656 3182 ἡλικίας
680 3090 763 3163 ἄλλα
775 3094 829 3160 καὶ
840 3089 893 3160 διὰ
903 3097 1007 3156 ταῦτα
1019 3094 1075 3158 δε-

120 3193 240 3259 δίσθαι
256 3187 350 3279 αὐτῷ
367 3188 427 3310 οὐχ
439 3184 540 3278 ἧττον
550 3187 740 3278 προσήκειη
736 3188 835 3258 “’“δι
813 3212 897 3273 απερ
909 3184 1071 3273 υφείλετο.

119 3317 139 3376 η
155 3286 205 3390 ότι
217 3287 318 3378 εἰσῄει
329 3288 419 3368 είς
385 3316 446 3376 την
457 3289 584 3378 άγορὰν
595 3287 658 3358 οὐκ
670 3287 744 3369 ἐξὸν
755 3287 864 3378 αυτῷ,
879 3288 934 3356 καὶ
946 3291 981 3356 ἐκ
991 3286 1075 3355 τοιό-

119 3413 176 3473 της
192 3385 271 3466 τούς
287 3387 472 3474 σωφρόνως
487 3390 690 3478 βεβιωκότας
706 3385 807 3468 αὐτὸς
817 3381 898 3475 ἦγεν
911 3394 957 3468 είς
966 3413 1005 3456 το
992 3384 1073 3454 δε-
