2370 3854
59 197 123 260 254
262 199 360 257 xxw.
397 194 815 260 ΔΗΜΟΣΘΕΝΟΤΣ

99 357 192 460 ταύτῃ
202 387 239 472 τη
226 357 382 469 ἡμέρη,
363 363 414 424 καί
425 357 552 460 κήρυκος
562 381 612 416 σοι
604 356 776 462 πρεσβείας
787 362 838 423 καὶ
849 381 905 424 συν
906 363 1013 464 ἔδρων·

100 437 217 510 αδδεδ
190 450 236 523 δις
247 443 350 551 την’
313 440 408 543 αυτὴν
415 435 509 524 άρχὴν
518 436 570 501 τὸν
581 431 672 503 αύτον
684 440 794 547 ἄνδρα,
818 439 886 509 οὐδὲ
895 439 977 511 δύο’
959 470 1013 529 αρ·

100 525 155 611 χάς
172 527 304 618 άρξαι
276 556 327 597 τον
342 519 432 592 αδτδν
449 525 533 586 ἐν
492 547 533 605 τῳ
544 517 625 627 αύτῷ
636 526 776 630 ἐνιαυτῷ·
795 523 864 593 ούδὲ
874 533 955 611 δῶρα
966 531 1013 592 δέ-

102 619 242 722 ξομαι
192 644 257 722 της
272 609 411 714 ηλιάσιως
427 584 568 669 ἕνεκα”
530 601 595 669 οντ’
608 601 696 688 αύτδς
697 591 812 718 ἐγδι”
776 639 827 678 ουτ
831 555 937 685 ’ἄλλος
948 613 1012 691 ἐμοὶ

103 698 156 764 ούτ
159 695 260 781 ’άλλη
276 692 382 767 εἰδότος
393 687 540 795 ἕμθο,”
504 715 569 755 οντε
569 694 713 796 τέχνη”
676 722 742 762 νοτε
751 721 867 798 μηγανη
853 688 1010 797 ούδεμιᾷ.

103 786 153 847 καί
170 757 663 884 γέγοναούκέλοττονῆτριάκοντ’
675 783 732 861 ἔτη.
766 773 1010 880 ταίάκροάσομαι

101 875 154 931 τοῦ
168 891 199 930 τε
215 856 377 944 κατηγόρου
395 861 509 923 καὶτοῦ
521 859 581 924 άντο
582 861 782 973 λογονμένον’
769 866 876 967 ομοίως
886 855 1008 962 άμφοῖν,

101 951 152 1013 καί
170 950 390 1028 διαψηφιοῦμαι
405 938 521 1046 περλ’
484 951 575 1008 αυτοῦ
587 943 623 1010 οδ
633 944 702 1030 δίνη
689 937 840 1026 δίωξις
820 974 849 1036 η
883 940 1009 1048 ἐκρμνύ

99 1057 150 1095 ναι
166 1034 239 1110 Δία,
262 1032 414 1109 Ποσειδῶ,
437 1024 595 1113 Δήμητρα,
618 1056 669 1095 και
660 1034 853 1114 ἐνορᾶσθαι
875 1027 1011 1131 ἐξώλειαν

100 1117 193 1199 ἑαυτῷ
203 1075 295 1177 κάλ’
265 1116 345 1177 οικία
328 1138 399 1217 ,Ητη
377 1114 560 1215 ἕοντμῦ,”
530 1136 555 1175 ει
566 1138 594 1176 τι
603 1112 715 1179 τούτων
724 1105 957 1200 ιταραβαίνοι,’
926 1137 1010 1195 ἐνορ-

98 1203 200 1262 κοδντι
211 1197 244 1260 δὲ
253 1179 348 1261 πολλά
361 1190 485 1281 κάγαθδι
497 1194 593 1279 εἶναι]

135 1320 293 1390 Ἐνταῦθ’
306 1321 368 1392 ούκ
380 1329 447 1409 ἐνι,
460 1350 486 1391 ω
475 1317 619 1409 ἄνδρες
631 1320 827 1406 δικασταί,“
831 1319 1011 1408 ούδεδησω

50 1412 264 1507 Ἣθηναίων
292 1420 445 1490 ούδένα·”
489 1419 529 1488 τδι
550 1423 613 1505 γάρ
635 1429 792 1505 κρίνοντα
811 1418 871 1499 Ιτδις
889 1427 1012 1504 κρίσεις

55 1515 187 1598 δικάσας
202 1519 243 1588 τά
262 1520 456 1606 δικαστήριά
472 1521 577 1605 ἐστιν,
600 1516 649 1598 οἷς
665 1523 796 1600 ἐξουσία
812 1521 880 1587 ἐστὶ
890 1523 945 1586 καὶ
957 1523 1010 1586 δε-

56 1617 144 1704 σμδν
154 1622 210 1687 καὶ
221 1618 302 1689 άλλο
316 1619 335 1687 ὅ
345 1646 377 1686 τι
389 1614 432 1686 δν
442 1617 628 1704 βούλωνται
639 1618 929 1704 καταγιγνώσκειν.

10 1749 45 1803 52
134 1729 195 1812 Ὡς
210 1733 271 1820 μὲν
282 1726 347 1801 οὖν
357 1737 481 1812 ἔξεστιν
492 1730 574 1818 ὑμῖν
585 1731 708 1818 δεσμὸν
719 1733 1011 1818 καταγιγνώσκειν,

54 1833 160 1920 ταύτῃ
172 1835 393 1919 ἐπιδείκνυμι·
407 1828 450 1910 ὡς
461 1835 497 1898 δὲ
508 1828 548 1898 τά
559 1834 775 1916 δεδικασμένα
787 1829 895 1916 άκνρα
906 1844 1013 1898 ποιεῖν

55 1932 112 1999 καὶ
121 1928 234 1998 δεινδν
244 1933 299 1997 καὶ
310 1929 450 1998 ἀνόσιόν
462 1933 529 1997 ἐστι
540 1932 594 1997 καί
603 1930 711 2016 δήμου
722 1929 914 2014 κατάλυσις,
926 1929 1014 1997 ττάν-

55 2057 115 2109 τας
125 2026 168 2097 δν
178 2028 269 2116 οἶμαι
280 2025 492 2116 ὁμολογῆσαι.
513 2025 610 2115 ἡγάρ
620 2027 715 2107 πόλις
725 2024 834 2115 ἡμῶν,
853 2019 1014 2114 οδάνδρες

57 2131 223 2214 δικασταὶ,
235 2128 349 2215 νόμοις
359 2129 414 2197 καί
424 2135 611 2214 ψηφίσμασι
622 2134 797 2196 διοικεῖται.
822 2133 853 2197 εί
861 2128 902 2216 δή
913 2155 962 2207 τις
971 2126 1012 2195 τά

56 2228 159 2319 ψήφῳ
171 2231 347 2315 κεκριμένα
358 2229 451 2319 νόμω
463 2234 567 2320 καινῷ
577 2227 687 2312 λύσει,
706 2235 740 2296 τί
749 2232 850 2313 κέρας
860 2233 966 2308 ἐσται;
988 2221 1013 2313 ἢ
1058 2224 1064 2235 ’

56 2336 254 2406 τοῖςτοῦτον
263 2329 393 2396 δίκαιον
401 2331 469 2395 ἐστι
478 2326 585 2414 νόμον
592 2323 939 2413 κροσαγορεύειν,οἰλλ’
947 2321 1013 2392 ούιι

57 2424 217 2512 δνομίαν;
228 2423 250 2512 ἢ
260 2436 329 2505 τως
338 2424 379 2494 ού
389 2436 446 2513 τῆς
454 2433 606 2512 μεγίστης
613 2423 897 2512 δργῆςὸτοιοῦτος
907 2448 1013 2509 νομο-

0 2527 157 2608 ιεὸθέτης
174 2523 264 2602 ἄξιός
278 2527 384 2604 ἐστιν;
407 2522 471 2608 ἐγὼ
488 2525 550 2610 μὲν
565 2524 630 2610 γάρ
640 2531 707 2591 τῶν
721 2525 866 2608 ἐσχάτων
878 2529 1011 2610 νομιζω,

58 2621 118 2708 οὐχ
126 2620 178 2689 ὅτι
186 2628 308 2689 τούτου
315 2621 420 2708 μόνον
429 2619 741 2708 τδννόμονέθηκεν,
748 2620 817 2690 ἀλλ’
825 2621 876 2690 ὅτι
883 2626 1014 2702 καὶτοῖς
1025 2636 1076 2694 748

58 2720 169 2797 άλλοις
178 2717 259 2787 ὁδδν
269 2724 418 2788 δείκνυσι
428 2722 483 2787 καὶ
492 2721 567 2806 περὶ
578 2725 795 2807 δικαστηρίων
802 2720 1014 2800 καταλύσεως

58 2819 112 2884 καὶ
130 2818 205 2899 περὶ
216 2824 286 2884 τῶν
297 2818 494 2904 φευγόντων
506 2819 659 2886 καθόδου
668 2820 723 2886 καί
734 2822 809 2905 περὶ
819 2828 888 2889 τῶν
898 2820 1012 2891 άλλων
1057 2852 1063 2859 ·

58 2923 125 2983 τῶν
139 2916 346 2983 δεινοτάτων.
366 2922 401 2983 τί
407 2915 471 3003 γάρ
482 2917 621 3003 κωλύει,
635 2908 792 3004 δάνδρις
804 2923 970 3003 δικασταὶ,
981 2925 1015 2987 εί

58 3006 1012 3103 οὖτοςχαίρωνάτιαλλάξειδτοιοῦτοννόμοντιθείς,ἕτερον

58 3122 206 3200 φανῆναι
223 3113 304 3182 άλλο
321 3140 353 3181 τι
369 3122 437 3182 τοῖν
447 3121 505 3201 τῆς
521 3115 647 3192 πόλεως
665 3115 890 3201 ἰσχυροτάτων
907 3141 1012 3182 κατα-

1 3231 49 3283 154
58 3213 181 3282 λύοντα
192 3214 284 3304 νόμφ
297 3220 415 3305 καινῷ;
433 3214 497 3299 ἐγώ
509 3214 570 3300 μὲν
579 3210 643 3300 γάρ
656 3211 745 3299 οἶμαι
756 3211 865 3281 οὐδέν.
897 3210 1012 3284 ἀκούω

59 3310 91 3378 δ’
111 3318 214 3398 ἐγωγε
230 3314 286 3380 καί
302 3310 339 3380 τδ
358 3312 522 3396 πρότερον
538 3310 625 3379 οὕτω
637 3319 868 3398 καταλυθῆναι
877 3307 940 3395 τὴν
950 3315 1013 3396 δη-

58 3417 256 3493 νοκρατίαν,
278 3410 485 3498 παρανόμων
502 3417 635 3496 πρῶτον
653 3416 795 3496 γραφῶν
811 3414 1012 3477 καταλυθει-
1080 3444 1083 3449 ·
