<?xml version="1.0" encoding="UTF-8"?>
<!DOCTYPE html PUBLIC "-//W3C//DTD XHTML 1.0 Transitional//EN"
    "http://www.w3.org/TR/xhtml1/DTD/xhtml1-transitional.dtd">
<html xmlns="http://www.w3.org/1999/xhtml" xml:lang="en" lang="en">
 <head>
  <title>
</title>
<meta http-equiv="Content-Type" content="text/html;charset=utf-8" />
  <meta name='ocr-system' content='tesseract 3.04.00' />
  <meta name='ocr-capabilities' content='ocr_page ocr_carea ocr_par ocr_line ocrx_word'/>
</head>
<body>
  <div class='ocr_page' id='page_1' title='image "./orationesexrece01demogoog_0115.png"; bbox 0 0 2370 3854; ppageno 0'>
   <div class='ocr_carea' id='block_1_1' title="bbox 142 214 883 331">
    <p class='ocr_par' dir='ltr' id='par_1_1' title="bbox 142 214 883 331">
     <span class='ocr_line' id='line_1_1' title="bbox 142 214 883 331; baseline -0.005 -54"><span class='ocrx_word' id='word_1_1' title='bbox 142 215 203 280; x_wconf 87' lang='grc'><strong><em>106</em></strong></span> <span class='ocrx_word' id='word_1_2' title='bbox 360 219 432 274; x_wconf 83' lang='grc' dir='ltr'><strong>ΧΧΙ.</strong></span> <span class='ocrx_word' id='word_1_3' title='bbox 466 214 883 331; x_wconf 52' lang='grc' dir='ltr'><em>ΔΙΞΜΟΣΘΕΝΟΤΣ</em></span> 
     </span>
    </p>
   </div>
   <div class='ocr_carea' id='block_1_2' title="bbox 75 368 1141 3510">
    <p class='ocr_par' dir='ltr' id='par_1_2' title="bbox 139 368 1097 952">
     <span class='ocr_line' id='line_1_2' title="bbox 141 368 1097 460; baseline -0.002 -17"><span class='ocrx_word' id='word_1_4' title='bbox 141 368 169 443; x_wconf 77' lang='grc' dir='ltr'><strong><em>ό</em></strong></span> <span class='ocrx_word' id='word_1_5' title='bbox 180 374 301 460; x_wconf 75' lang='grc' dir='ltr'><strong><em>ἄνδρες</em></strong></span> <span class='ocrx_word' id='word_1_6' title='bbox 312 373 499 460; x_wconf 72' lang='grc' dir='ltr'><strong><em>Ἀθηναῖοι,</em></strong></span> <span class='ocrx_word' id='word_1_7' title='bbox 517 371 642 459; x_wconf 81' lang='grc' dir='ltr'><em>μεγάλη</em></span> <span class='ocrx_word' id='word_1_8' title='bbox 654 386 721 451; x_wconf 74' lang='grc' dir='ltr'><strong><em>τοῖς</em></strong></span> <span class='ocrx_word' id='word_1_9' title='bbox 732 370 907 442; x_wconf 79' lang='grc' dir='ltr'><strong><em>ἀδικοῦσιν</em></strong></span> <span class='ocrx_word' id='word_1_10' title='bbox 919 372 1023 441; x_wconf 85' lang='grc' dir='ltr'><strong><em>άπασι</em></strong></span> <span class='ocrx_word' id='word_1_11' title='bbox 1033 400 1097 460; x_wconf 80' lang='grc' dir='ltr'><strong><em>με-</em></strong></span> 
     </span>
     <span class='ocr_line' id='line_1_3' title="bbox 142 469 1092 561; baseline -0.003 -18"><span class='ocrx_word' id='word_1_12' title='bbox 142 479 191 558; x_wconf 81' lang='grc' dir='ltr'><strong><em>ρὶς</em></strong></span> <span class='ocrx_word' id='word_1_13' title='bbox 207 476 263 544; x_wconf 78' lang='grc' dir='ltr'><strong><em>καὶ</em></strong></span> <span class='ocrx_word' id='word_1_14' title='bbox 280 479 451 554; x_wconf 81' lang='grc' dir='ltr'><strong><em>πλεονεξία</em></strong></span> <span class='ocrx_word' id='word_1_15' title='bbox 468 471 488 559; x_wconf 79' lang='grc' dir='ltr'><strong><em>ἡ</em></strong></span> <span class='ocrx_word' id='word_1_16' title='bbox 506 480 575 540; x_wconf 77' lang='grc' dir='ltr'><strong><em>ταῖν</em></strong></span> <span class='ocrx_word' id='word_1_17' title='bbox 598 469 766 557; x_wconf 80' lang='grc' dir='ltr'><strong><em>ὑμετέρων</em></strong></span> <span class='ocrx_word' id='word_1_18' title='bbox 786 473 921 560; x_wconf 89' lang='grc' dir='ltr'><strong><em>τρόπων</em></strong></span> <span class='ocrx_word' id='word_1_19' title='bbox 937 471 1092 561; x_wconf 91' lang='grc' dir='ltr'><strong><em>πραότης.</em></strong></span> 
     </span>
     <span class='ocr_line' id='line_1_4' title="bbox 142 566 1093 660; baseline -0.002 -20"><span class='ocrx_word' id='word_1_20' title='bbox 142 571 195 640; x_wconf 87' lang='grc' dir='ltr'><strong><em>ότι</em></strong></span> <span class='ocrx_word' id='word_1_21' title='bbox 202 571 243 658; x_wconf 77' lang='grc' dir='ltr'><strong><em>δὴ</em></strong></span> <span class='ocrx_word' id='word_1_22' title='bbox 250 572 370 659; x_wconf 84' lang='grc' dir='ltr'><strong><em>ταύτης</em></strong></span> <span class='ocrx_word' id='word_1_23' title='bbox 377 567 446 639; x_wconf 82' lang='grc' dir='ltr'><strong><em>οόδ</em></strong></span> <span class='ocrx_word' id='word_1_24' title='bbox 454 567 568 638; x_wconf 83' lang='grc' dir='ltr'><strong><em>ὁτιοῦν</em></strong></span> <span class='ocrx_word' id='word_1_25' title='bbox 576 566 656 653; x_wconf 78' lang='grc' dir='ltr'><strong><em>ὑμῖν</em></strong></span> <span class='ocrx_word' id='word_1_26' title='bbox 661 569 974 660; x_wconf 77' lang='grc' dir='ltr'><strong><em>μεταδοῦναιτοάτῳ</em></strong></span> <span class='ocrx_word' id='word_1_27' title='bbox 985 590 1093 654; x_wconf 84' lang='grc' dir='ltr'><strong><em>προσ-</em></strong></span> 
     </span>
     <span class='ocr_line' id='line_1_5' title="bbox 145 664 1094 757; baseline -0.001 -19"><span class='ocrx_word' id='word_1_28' title='bbox 145 670 235 757; x_wconf 77' lang='grc' dir='ltr'><strong><em>ήκει,</em></strong></span> <span class='ocrx_word' id='word_1_29' title='bbox 259 668 353 737; x_wconf 80' lang='grc' dir='ltr'><strong><em>ταῦτ’</em></strong></span> <span class='ocrx_word' id='word_1_30' title='bbox 371 667 538 738; x_wconf 82' lang='grc' dir='ltr'><strong><em>ιἰιιοόσατέ</em></strong></span> <span class='ocrx_word' id='word_1_31' title='bbox 553 692 628 753; x_wconf 91' lang='grc' dir='ltr'><strong><em>μου.</em></strong></span> <span class='ocrx_word' id='word_1_32' title='bbox 661 664 725 752; x_wconf 65' lang='grc' dir='ltr'><strong><em>ἐμοὶ</em></strong></span> <span class='ocrx_word' id='word_1_33' title='bbox 743 674 864 753; x_wconf 81' lang='grc' dir='ltr'><strong><em>νομίζω</em></strong></span> <span class='ocrx_word' id='word_1_34' title='bbox 881 668 1008 748; x_wconf 89' lang='grc' dir='ltr'><strong><em>πάντας</em></strong></span> <span class='ocrx_word' id='word_1_35' title='bbox 1028 667 1094 737; x_wconf 85' lang='grc' dir='ltr'><strong><em>άν-</em></strong></span> 
     </span>
     <span class='ocr_line' id='line_1_6' title="bbox 139 762 1093 852; baseline -0.003 -15"><span class='ocrx_word' id='word_1_36' title='bbox 139 769 300 852; x_wconf 75' lang='grc' dir='ltr'><strong><em>θροόπους</em></strong></span> <span class='ocrx_word' id='word_1_37' title='bbox 316 769 459 852; x_wconf 82' lang='grc' dir='ltr'><strong><em>ἐράνους</em></strong></span> <span class='ocrx_word' id='word_1_38' title='bbox 475 770 592 851; x_wconf 84' lang='grc' dir='ltr'><strong><em>φέρειν</em></strong></span> <span class='ocrx_word' id='word_1_39' title='bbox 610 762 699 850; x_wconf 81' lang='grc' dir='ltr'><strong><em>παρὰ</em></strong></span> <span class='ocrx_word' id='word_1_40' title='bbox 710 767 770 835; x_wconf 86' lang='grc' dir='ltr'><strong><em>τὸν</em></strong></span> <span class='ocrx_word' id='word_1_41' title='bbox 780 772 857 852; x_wconf 86' lang='grc' dir='ltr'><strong><em>βίον</em></strong></span> <span class='ocrx_word' id='word_1_42' title='bbox 868 763 996 852; x_wconf 76' lang='grc' dir='ltr'><strong><em>αὑτοῖς,</em></strong></span> <span class='ocrx_word' id='word_1_43' title='bbox 1017 765 1093 851; x_wconf 77' lang='grc' dir='ltr'><strong><em>οὐχὶ</em></strong></span> 
     </span>
     <span class='ocr_line' id='line_1_7' title="bbox 139 857 1094 952; baseline -0.003 -16"><span class='ocrx_word' id='word_1_44' title='bbox 139 868 260 935; x_wconf 81' lang='grc' dir='ltr'><strong><em>τούσδε</em></strong></span> <span class='ocrx_word' id='word_1_45' title='bbox 271 868 397 952; x_wconf 82' lang='grc' dir='ltr'><strong><em>μόνους</em></strong></span> <span class='ocrx_word' id='word_1_46' title='bbox 415 865 475 942; x_wconf 84' lang='grc' dir='ltr'><strong><em>οὑς</em></strong></span> <span class='ocrx_word' id='word_1_47' title='bbox 494 866 694 949; x_wconf 76' lang='grc' dir='ltr'><strong><em>συλλέγουσί,</em></strong></span> <span class='ocrx_word' id='word_1_48' title='bbox 700 890 787 943; x_wconf 63' lang='grc' dir='ltr'><strong><em>τινες</em></strong></span> <span class='ocrx_word' id='word_1_49' title='bbox 796 866 852 935; x_wconf 84' lang='grc' dir='ltr'><strong><em>καὶ</em></strong></span> <span class='ocrx_word' id='word_1_50' title='bbox 864 857 913 933; x_wconf 80' lang='grc' dir='ltr'><strong><em>τόν</em></strong></span> <span class='ocrx_word' id='word_1_51' title='bbox 923 866 1094 952; x_wconf 79' lang='grc' dir='ltr'><strong><em>πληρωταὶ</em></strong></span> 
     </span>
    </p>

    <p class='ocr_par' dir='ltr' id='par_1_3' title="bbox 78 958 1123 1917">
     <span class='ocr_line' id='line_1_8' title="bbox 78 958 1093 1051; baseline -0.005 -16"><span class='ocrx_word' id='word_1_52' title='bbox 78 982 129 1037; x_wconf 82' lang='lat'><strong><em>185</em></strong></span> <span class='ocrx_word' id='word_1_53' title='bbox 139 972 322 1051; x_wconf 72' lang='grc' dir='ltr'><strong><em>γίγνονται,</em></strong></span> <span class='ocrx_word' id='word_1_54' title='bbox 334 960 419 1031; x_wconf 82' lang='grc' dir='ltr'><strong><em>ἄλλά</em></strong></span> <span class='ocrx_word' id='word_1_55' title='bbox 431 963 487 1032; x_wconf 83' lang='grc' dir='ltr'><strong><em>καὶ</em></strong></span> <span class='ocrx_word' id='word_1_56' title='bbox 497 961 629 1040; x_wconf 76' lang='grc' dir='ltr'><strong><em>ἄλλους.</em></strong></span> <span class='ocrx_word' id='word_1_57' title='bbox 658 958 732 1031; x_wconf 85' lang='grc' dir='ltr'><strong><em>οἷον</em></strong></span> <span class='ocrx_word' id='word_1_58' title='bbox 748 967 816 1029; x_wconf 78' lang='grc' dir='ltr'><strong><em>ἔστι</em></strong></span> <span class='ocrx_word' id='word_1_59' title='bbox 825 964 956 1049; x_wconf 83' lang='grc' dir='ltr'><strong><em>μέτριος</em></strong></span> <span class='ocrx_word' id='word_1_60' title='bbox 965 965 1021 1033; x_wconf 76' lang='grc' dir='ltr'><strong><em>καί</em></strong></span> <span class='ocrx_word' id='word_1_61' title='bbox 1032 990 1093 1048; x_wconf 84' lang='grc' dir='ltr'><strong><em>φι-</em></strong></span> 
     </span>
     <span class='ocr_line' id='line_1_9' title="bbox 140 1052 1092 1152; baseline -0.003 -21"><span class='ocrx_word' id='word_1_62' title='bbox 140 1061 341 1144; x_wconf 80' lang='grc' dir='ltr'><strong><em>λάνθρωπός</em></strong></span> <span class='ocrx_word' id='word_1_63' title='bbox 357 1087 405 1138; x_wconf 90' lang='grc' dir='ltr'><strong><em>τις</em></strong></span> <span class='ocrx_word' id='word_1_64' title='bbox 420 1057 517 1146; x_wconf 74' lang='grc' dir='ltr'><strong><em>ἡμῶν</em></strong></span> <span class='ocrx_word' id='word_1_65' title='bbox 529 1061 585 1128; x_wconf 79' lang='grc' dir='ltr'><strong><em>καὶ</em></strong></span> <span class='ocrx_word' id='word_1_66' title='bbox 595 1052 740 1139; x_wconf 73' lang='grc' dir='ltr'><strong><em>πολλοὺς</em></strong></span> <span class='ocrx_word' id='word_1_67' title='bbox 750 1063 867 1136; x_wconf 66' lang='grc' dir='ltr'><strong><em>ἐλεῶν·</em></strong></span> <span class='ocrx_word' id='word_1_68' title='bbox 889 1063 996 1152; x_wconf 74' lang='grc' dir='ltr'><strong><em>τούτῳ</em></strong></span> <span class='ocrx_word' id='word_1_69' title='bbox 1006 1058 1092 1130; x_wconf 82' lang='grc' dir='ltr'><strong><em>ταύ-</em></strong></span> 
     </span>
     <span class='ocr_line' id='line_1_10' title="bbox 139 1154 1092 1245; baseline -0.001 -18"><span class='ocrx_word' id='word_1_70' title='bbox 139 1156 176 1226; x_wconf 86' lang='grc' dir='ltr'><strong><em>τό</em></strong></span> <span class='ocrx_word' id='word_1_71' title='bbox 189 1163 319 1227; x_wconf 87' lang='grc' dir='ltr'><strong><em>δίκαιον</em></strong></span> <span class='ocrx_word' id='word_1_72' title='bbox 328 1154 490 1242; x_wconf 76' lang='grc' dir='ltr'><strong><em>ὑπάρχειν</em></strong></span> <span class='ocrx_word' id='word_1_73' title='bbox 501 1156 590 1240; x_wconf 84' lang='grc' dir='ltr'><strong><em>παρά</em></strong></span> <span class='ocrx_word' id='word_1_74' title='bbox 604 1156 756 1243; x_wconf 89' lang='grc' dir='ltr'><strong><em>πάντων,</em></strong></span> <span class='ocrx_word' id='word_1_75' title='bbox 779 1157 823 1226; x_wconf 85' lang='grc' dir='ltr'><strong><em>άν</em></strong></span> <span class='ocrx_word' id='word_1_76' title='bbox 834 1156 908 1227; x_wconf 89' lang='grc' dir='ltr'><strong><em>ποτ’</em></strong></span> <span class='ocrx_word' id='word_1_77' title='bbox 920 1167 966 1238; x_wconf 88' lang='grc' dir='ltr'><strong><em>είς</em></strong></span> <span class='ocrx_word' id='word_1_78' title='bbox 975 1164 1092 1245; x_wconf 78' lang='grc' dir='ltr'><strong><em>χρείαν</em></strong></span> 
     </span>
     <span class='ocr_line' id='line_1_11' title="bbox 139 1253 1092 1343; baseline 0.001 -18"><span class='ocrx_word' id='word_1_79' title='bbox 139 1260 194 1326; x_wconf 80' lang='grc' dir='ltr'><strong><em>καὶ</em></strong></span> <span class='ocrx_word' id='word_1_80' title='bbox 206 1255 320 1342; x_wconf 75' lang='grc' dir='ltr'><strong><em>άγαῑνα</em></strong></span> <span class='ocrx_word' id='word_1_81' title='bbox 330 1253 494 1341; x_wconf 80' lang='grc' dir='ltr'><strong><em>ἀφίκηται.</em></strong></span> <span class='ocrx_word' id='word_1_82' title='bbox 509 1255 607 1334; x_wconf 77' lang='grc' dir='ltr'><strong><em>ἄλλος</em></strong></span> <span class='ocrx_word' id='word_1_83' title='bbox 616 1253 734 1325; x_wconf 89' lang='grc' dir='ltr'><strong><em>οὑτοσί</em></strong></span> <span class='ocrx_word' id='word_1_84' title='bbox 736 1281 784 1335; x_wconf 89' lang='grc' dir='ltr'><strong><em>τις</em></strong></span> <span class='ocrx_word' id='word_1_85' title='bbox 795 1254 932 1343; x_wconf 76' lang='grc' dir='ltr'><strong><em>άναιδὺς</em></strong></span> <span class='ocrx_word' id='word_1_86' title='bbox 940 1259 996 1325; x_wconf 83' lang='grc' dir='ltr'><strong><em>καὶ</em></strong></span> <span class='ocrx_word' id='word_1_87' title='bbox 1005 1265 1092 1326; x_wconf 88' lang='grc' dir='ltr'><strong><em>πολ-</em></strong></span> 
     </span>
     <span class='ocr_line' id='line_1_12' title="bbox 140 1351 1092 1442; baseline -0.001 -19"><span class='ocrx_word' id='word_1_88' title='bbox 140 1351 797 1442; x_wconf 62' lang='grc' dir='ltr'><strong><em>λοὺςὺβριῒων,ααὶτοὺςμὲνπτωχοὺς,</em></strong></span> <span class='ocrx_word' id='word_1_89' title='bbox 820 1352 1092 1440; x_wconf 72' lang='grc' dir='ltr'><strong><em>τοὺςδὲιιαθόρ-</em></strong></span> 
     </span>
     <span class='ocr_line' id='line_1_13' title="bbox 138 1450 1091 1545; baseline 0.001 -25"><span class='ocrx_word' id='word_1_90' title='bbox 138 1480 242 1540; x_wconf 92' lang='grc' dir='ltr'><strong><em>ματα,</em></strong></span> <span class='ocrx_word' id='word_1_91' title='bbox 264 1450 343 1532; x_wconf 87' lang='grc' dir='ltr'><strong><em>τοὺς</em></strong></span> <span class='ocrx_word' id='word_1_92' title='bbox 354 1451 386 1521; x_wconf 87' lang='grc' dir='ltr'><strong><em>δ’</em></strong></span> <span class='ocrx_word' id='word_1_93' title='bbox 406 1451 507 1521; x_wconf 74' lang='grc' dir='ltr'><strong><em>οὐδὲν</em></strong></span> <span class='ocrx_word' id='word_1_94' title='bbox 522 1451 773 1539; x_wconf 75' lang='grc' dir='ltr'><strong><em>ὑπολαμβάνων</em></strong></span> <span class='ocrx_word' id='word_1_95' title='bbox 790 1453 888 1522; x_wconf 77' lang='grc' dir='ltr'><strong><em>εἶναι·</em></strong></span> <span class='ocrx_word' id='word_1_96' title='bbox 910 1454 1018 1545; x_wconf 77' lang='grc' dir='ltr'><strong><em>τούτῳ</em></strong></span> <span class='ocrx_word' id='word_1_97' title='bbox 1030 1452 1091 1533; x_wconf 76' lang='grc' dir='ltr'><strong><em>τὰς</em></strong></span> 
     </span>
     <span class='ocr_line' id='line_1_14' title="bbox 138 1549 1123 1639; baseline 0.003 -21"><span class='ocrx_word' id='word_1_98' title='bbox 138 1549 241 1628; x_wconf 82' lang='grc' dir='ltr'><strong><em>αὑτάς</em></strong></span> <span class='ocrx_word' id='word_1_99' title='bbox 259 1555 389 1619; x_wconf 82' lang='grc' dir='ltr'><strong><em>δίκαιον</em></strong></span> <span class='ocrx_word' id='word_1_100' title='bbox 405 1549 567 1637; x_wconf 80' lang='grc' dir='ltr'><strong><em>ὑπάρχειν</em></strong></span> <span class='ocrx_word' id='word_1_101' title='bbox 584 1549 708 1635; x_wconf 83' lang='grc' dir='ltr'><strong><em>φοράς,</em></strong></span> <span class='ocrx_word' id='word_1_102' title='bbox 729 1551 836 1637; x_wconf 76' lang='grc' dir='ltr'><strong><em>ἅσπερ</em></strong></span> <span class='ocrx_word' id='word_1_103' title='bbox 847 1549 946 1632; x_wconf 82' lang='grc' dir='ltr'><strong><em>αὐτός</em></strong></span> <span class='ocrx_word' id='word_1_104' title='bbox 958 1552 1090 1639; x_wconf 80' lang='grc' dir='ltr'><strong><em>είσενή·</em></strong></span> <span class='ocrx_word' id='word_1_105' title='bbox 1119 1592 1123 1597; x_wconf 90' lang='grc'><em>·</em></span> 
     </span>
     <span class='ocr_line' id='line_1_15' title="bbox 136 1646 1088 1741; baseline 0.003 -23"><span class='ocrx_word' id='word_1_106' title='bbox 136 1675 213 1735; x_wconf 86' lang='grc' dir='ltr'><strong><em>νοχε</em></strong></span> <span class='ocrx_word' id='word_1_107' title='bbox 229 1665 296 1730; x_wconf 84' lang='grc' dir='ltr'><strong><em>τοῖς</em></strong></span> <span class='ocrx_word' id='word_1_108' title='bbox 313 1651 433 1729; x_wconf 77' lang='grc' dir='ltr'><strong><em>ἄλλοις.</em></strong></span> <span class='ocrx_word' id='word_1_109' title='bbox 456 1646 500 1718; x_wconf 83' lang='grc' dir='ltr'><strong><em>άν</em></strong></span> <span class='ocrx_word' id='word_1_110' title='bbox 510 1656 628 1718; x_wconf 82' lang='grc' dir='ltr'><strong><em>τοίνυν</em></strong></span> <span class='ocrx_word' id='word_1_111' title='bbox 638 1649 717 1736; x_wconf 76' lang='grc' dir='ltr'><strong><em>ὑμῖν</em></strong></span> <span class='ocrx_word' id='word_1_112' title='bbox 729 1650 843 1735; x_wconf 69' lang='grc' dir='ltr'><strong><em>ὀρθῶς</em></strong></span> <span class='ocrx_word' id='word_1_113' title='bbox 854 1657 928 1741; x_wconf 80' lang='grc' dir='ltr'><strong><em>ἐπίχ</em></strong></span> <span class='ocrx_word' id='word_1_114' title='bbox 938 1667 1088 1737; x_wconf 79' lang='grc' dir='ltr'><strong><em>σιιοπείν,</em></strong></span> 
     </span>
     <span class='ocr_line' id='line_1_16' title="bbox 135 1748 1087 1840; baseline 0.005 -25"><span class='ocrx_word' id='word_1_115' title='bbox 135 1750 260 1817; x_wconf 82' lang='grc' dir='ltr'><strong><em>τούτου</em></strong></span> <span class='ocrx_word' id='word_1_116' title='bbox 270 1749 447 1835; x_wconf 79' lang='grc' dir='ltr'><strong><em>πληρωτὴν</em></strong></span> <span class='ocrx_word' id='word_1_117' title='bbox 463 1748 619 1837; x_wconf 81' lang='grc' dir='ltr'><strong><em>ευρήσετε</em></strong></span> <span class='ocrx_word' id='word_1_118' title='bbox 625 1755 773 1820; x_wconf 87' lang='grc' dir='ltr'><strong><em>Μειδίαν</em></strong></span> <span class='ocrx_word' id='word_1_119' title='bbox 785 1751 866 1820; x_wconf 83' lang='grc' dir='ltr'><strong><em>ὄντα</em></strong></span> <span class='ocrx_word' id='word_1_120' title='bbox 878 1761 941 1821; x_wconf 78' lang='grc' dir='ltr'><strong><em>τοὺ</em></strong></span> <span class='ocrx_word' id='word_1_121' title='bbox 950 1752 1087 1840; x_wconf 83' lang='grc' dir='ltr'><strong><em>ἐράνου,</em></strong></span> 
     </span>
     <span class='ocr_line' id='line_1_17' title="bbox 124 1845 411 1921; baseline -0.004 -4.963"><span class='ocrx_word' id='word_1_122' title='bbox 124 1845 240 1921; x_wconf 83' lang='grc' dir='ltr'><strong><em>καὶ’</em></strong></span> <span class='ocrx_word' id='word_1_123' title='bbox 201 1875 262 1916; x_wconf 88' lang='grc' dir='ltr'><strong><em>ουκ</em></strong></span> <span class='ocrx_word' id='word_1_124' title='bbox 274 1851 411 1917; x_wconf 80' lang='grc' dir='ltr'><strong><em>ἐκείνου.</em></strong></span> 
     </span>
    </p>

    <p class='ocr_par' dir='ltr' id='par_1_4' title="bbox 78 1943 1141 3113">
     <span class='ocr_line' id='line_1_18' title="bbox 78 1943 1088 2033; baseline 0.003 -21"><span class='ocrx_word' id='word_1_125' title='bbox 78 1961 127 2015; x_wconf 87' lang='grc'><strong><em>186</em></strong></span> <span class='ocrx_word' id='word_1_126' title='bbox 221 1946 305 2014; x_wconf 64' lang='lat' dir='ltr'><strong><em>olda</em></strong></span> <span class='ocrx_word' id='word_1_127' title='bbox 322 1952 439 2013; x_wconf 88' lang='grc' dir='ltr'><strong><em>τοίνυν</em></strong></span> <span class='ocrx_word' id='word_1_128' title='bbox 457 1945 509 2013; x_wconf 84' lang='grc' dir='ltr'><strong><em>ότι</em></strong></span> <span class='ocrx_word' id='word_1_129' title='bbox 525 1943 565 2013; x_wconf 85' lang='grc' dir='ltr'><strong><em>τά</em></strong></span> <span class='ocrx_word' id='word_1_130' title='bbox 583 1951 697 2014; x_wconf 87' lang='grc' dir='ltr'><strong><em>παιδία</em></strong></span> <span class='ocrx_word' id='word_1_131' title='bbox 719 1952 803 2033; x_wconf 77' lang='grc' dir='ltr'><strong><em>ἔχων</em></strong></span> <span class='ocrx_word' id='word_1_132' title='bbox 824 1945 1007 2033; x_wconf 79' lang='grc' dir='ltr'><strong><em>ὀδυρεῖται,</em></strong></span> <span class='ocrx_word' id='word_1_133' title='bbox 1029 1951 1088 2015; x_wconf 78' lang='grc' dir='ltr'><strong><em>οιαὶ</em></strong></span> 
     </span>
     <span class='ocr_line' id='line_1_19' title="bbox 136 2043 1087 2132; baseline 0.002 -21"><span class='ocrx_word' id='word_1_134' title='bbox 136 2043 281 2122; x_wconf 85' lang='grc' dir='ltr'><strong><em>πολλοὺς</em></strong></span> <span class='ocrx_word' id='word_1_135' title='bbox 291 2043 411 2128; x_wconf 77' lang='grc' dir='ltr'><strong><em>λόγους</em></strong></span> <span class='ocrx_word' id='word_1_136' title='bbox 428 2046 483 2113; x_wconf 76' lang='grc' dir='ltr'><strong><em>καὶ</em></strong></span> <span class='ocrx_word' id='word_1_137' title='bbox 499 2044 675 2124; x_wconf 78' lang='grc' dir='ltr'><strong><em>ταπεινοὺς</em></strong></span> <span class='ocrx_word' id='word_1_138' title='bbox 689 2048 771 2130; x_wconf 75' lang='grc' dir='ltr'><strong><em>ἐρεῖ,</em></strong></span> <span class='ocrx_word' id='word_1_139' title='bbox 795 2047 952 2132; x_wconf 76' lang='grc' dir='ltr'><strong><em>δακρύων</em></strong></span> <span class='ocrx_word' id='word_1_140' title='bbox 967 2045 1087 2124; x_wconf 79' lang='grc' dir='ltr'><strong><em>καὶὺς</em></strong></span> 
     </span>
     <span class='ocr_line' id='line_1_20' title="bbox 135 2139 1087 2234; baseline 0.003 -26"><span class='ocrx_word' id='word_1_141' title='bbox 135 2140 358 2211; x_wconf 78' lang='grc' dir='ltr'><strong><em>ἐλεεινότατον</em></strong></span> <span class='ocrx_word' id='word_1_142' title='bbox 367 2148 473 2210; x_wconf 82' lang='grc' dir='ltr'><strong><em>ποιῶν</em></strong></span> <span class='ocrx_word' id='word_1_143' title='bbox 484 2142 611 2211; x_wconf 83' lang='grc' dir='ltr'><strong><em>ἑαυτόν.</em></strong></span> <span class='ocrx_word' id='word_1_144' title='bbox 633 2148 701 2211; x_wconf 77' lang='grc' dir='ltr'><strong><em>ἔστι</em></strong></span> <span class='ocrx_word' id='word_1_145' title='bbox 713 2142 745 2211; x_wconf 87' lang='grc' dir='ltr'><strong><em>δ’</em></strong></span> <span class='ocrx_word' id='word_1_146' title='bbox 746 2144 842 2234; x_wconf 76' lang='grc' dir='ltr'><strong><em>,ὅσῳ</em></strong></span> <span class='ocrx_word' id='word_1_147' title='bbox 854 2169 915 2230; x_wconf 87' lang='grc' dir='ltr'><strong><em>περ</em></strong></span> <span class='ocrx_word' id='word_1_148' title='bbox 927 2139 970 2212; x_wconf 82' lang='grc' dir='ltr'><strong><em>άν</em></strong></span> <span class='ocrx_word' id='word_1_149' title='bbox 981 2139 1087 2212; x_wconf 80' lang='grc' dir='ltr'><strong><em>αὑτὸν</em></strong></span> 
     </span>
     <span class='ocr_line' id='line_1_21' title="bbox 134 2241 1087 2332; baseline 0.002 -25"><span class='ocrx_word' id='word_1_150' title='bbox 134 2249 201 2307; x_wconf 81' lang='grc' dir='ltr'><strong><em>νῦν</em></strong></span> <span class='ocrx_word' id='word_1_151' title='bbox 211 2241 447 2324; x_wconf 84' lang='grc' dir='ltr'><strong><em>ταπεινότερον</em></strong></span> <span class='ocrx_word' id='word_1_152' title='bbox 458 2248 553 2330; x_wconf 76' lang='grc' dir='ltr'><strong><em>ποιῇ,</em></strong></span> <span class='ocrx_word' id='word_1_153' title='bbox 571 2242 719 2332; x_wconf 79' lang='grc' dir='ltr'><strong><em>τοσοότμ</em></strong></span> <span class='ocrx_word' id='word_1_154' title='bbox 729 2251 858 2330; x_wconf 75' lang='grc' dir='ltr'><strong><em>μᾶλλον</em></strong></span> <span class='ocrx_word' id='word_1_155' title='bbox 868 2242 962 2323; x_wconf 78' lang='grc' dir='ltr'><strong><em>ἄξιον</em></strong></span> <span class='ocrx_word' id='word_1_156' title='bbox 976 2255 1087 2328; x_wconf 81' lang='grc' dir='ltr'><strong><em>μισείν</em></strong></span> 
     </span>
     <span class='ocr_line' id='line_1_22' title="bbox 135 2329 1087 2462; baseline 0.005 -58"><span class='ocrx_word' id='word_1_157' title='bbox 135 2335 254 2422; x_wconf 82' lang='grc' dir='ltr'><strong><em>αὑτὸν,</em></strong></span> <span class='ocrx_word' id='word_1_158' title='bbox 279 2364 305 2406; x_wconf 91' lang='grc' dir='ltr'><strong><em>ω</em></strong></span> <span class='ocrx_word' id='word_1_159' title='bbox 293 2329 442 2422; x_wconf 76' lang='grc' dir='ltr'><strong><em>ἄνδρες</em></strong></span> <span class='ocrx_word' id='word_1_160' title='bbox 456 2335 635 2460; x_wconf 74' lang='grc' dir='ltr'><strong><em>Ἀθηναῖοι.</em></strong></span> <span class='ocrx_word' id='word_1_161' title='bbox 670 2341 725 2408; x_wconf 83' lang='grc' dir='ltr'><strong><em>διά</em></strong></span> <span class='ocrx_word' id='word_1_162' title='bbox 742 2340 825 2422; x_wconf 76' lang='grc' dir='ltr'><strong><em>τί;“</em></strong></span> <span class='ocrx_word' id='word_1_163' title='bbox 805 2368 882 2409; x_wconf 85' lang='grc' dir='ltr'><strong><em>οτιε</em></strong></span> <span class='ocrx_word' id='word_1_164' title='bbox 884 2342 1087 2462; x_wconf 73' lang='grc' dir='ltr'><strong><em>ίμὲνμηδα-</em></strong></span> 
     </span>
     <span class='ocr_line' id='line_1_23' title="bbox 134 2437 1087 2561; baseline 0.007 -58"><span class='ocrx_word' id='word_1_165' title='bbox 134 2445 204 2521; x_wconf 76' lang='grc' dir='ltr'><strong><em>μιᾶς</em></strong></span> <span class='ocrx_word' id='word_1_166' title='bbox 225 2441 384 2521; x_wconf 77' lang='grc' dir='ltr'><strong><em>δυνηθεὶς</em></strong></span> <span class='ocrx_word' id='word_1_167' title='bbox 404 2437 557 2515; x_wconf 84' lang='grc' dir='ltr'><strong><em>ταπεινὸς</em></strong></span> <span class='ocrx_word' id='word_1_168' title='bbox 576 2442 735 2523; x_wconf 78' lang='grc' dir='ltr'><strong><em>γενέσθαι</em></strong></span> <span class='ocrx_word' id='word_1_169' title='bbox 751 2439 857 2519; x_wconf 82' lang='grc' dir='ltr'><strong><em>οὕτως</em></strong></span> <span class='ocrx_word' id='word_1_170' title='bbox 872 2438 1012 2561; x_wconf 72' lang='grc' dir='ltr'><strong><em>άσείηιης</em></strong></span> <span class='ocrx_word' id='word_1_171' title='bbox 1029 2443 1087 2509; x_wconf 73' lang='grc' dir='ltr'><strong><em>καὶ</em></strong></span> 
     </span>
     <span class='ocr_line' id='line_1_24' title="bbox 134 2527 1141 2625; baseline 0.003 -25"><span class='ocrx_word' id='word_1_172' title='bbox 134 2527 296 2619; x_wconf 69' lang='grc' dir='ltr'><strong><em>βίαιοςῆν</em></strong></span> <span class='ocrx_word' id='word_1_173' title='bbox 307 2536 431 2601; x_wconf 80' lang='grc' dir='ltr'><strong><em>ἐπὶτου</em></strong></span> <span class='ocrx_word' id='word_1_174' title='bbox 418 2537 716 2621; x_wconf 79' lang='grc' dir='ltr'><strong><em>παρεληλυθότος</em></strong></span> <span class='ocrx_word' id='word_1_175' title='bbox 731 2544 823 2623; x_wconf 82' lang='grc' dir='ltr'><strong><em>βίον,</em></strong></span> <span class='ocrx_word' id='word_1_176' title='bbox 844 2547 886 2624; x_wconf 80' lang='grc' dir='ltr'><strong><em>τῇ</em></strong></span> <span class='ocrx_word' id='word_1_177' title='bbox 906 2538 1009 2625; x_wconf 82' lang='grc' dir='ltr'><strong><em>φύσει</em></strong></span> <span class='ocrx_word' id='word_1_178' title='bbox 1028 2542 1141 2607; x_wconf 66' lang='lat' dir='ltr'><strong><em>aalma</em></strong></span> 
     </span>
     <span class='ocr_line' id='line_1_25' title="bbox 134 2628 1106 2722; baseline 0.008 -24"><span class='ocrx_word' id='word_1_179' title='bbox 134 2641 176 2720; x_wconf 80' lang='grc' dir='ltr'><strong><em>τῇ</em></strong></span> <span class='ocrx_word' id='word_1_180' title='bbox 186 2631 285 2718; x_wconf 84' lang='grc' dir='ltr'><strong><em>τάχη,</em></strong></span> <span class='ocrx_word' id='word_1_181' title='bbox 309 2629 347 2699; x_wconf 84' lang='grc' dir='ltr'><strong><em>δι’</em></strong></span> <span class='ocrx_word' id='word_1_182' title='bbox 360 2629 405 2715; x_wconf 78' lang='grc' dir='ltr'><strong><em>ἣν</em></strong></span> <span class='ocrx_word' id='word_1_183' title='bbox 414 2640 566 2711; x_wconf 80' lang='grc' dir='ltr'><strong><em>τοιοῦτος</em></strong></span> <span class='ocrx_word' id='word_1_184' title='bbox 576 2636 719 2719; x_wconf 76' lang='grc' dir='ltr'><strong><em>ἐγένετο,</em></strong></span> <span class='ocrx_word' id='word_1_185' title='bbox 742 2633 835 2715; x_wconf 85' lang='grc' dir='ltr'><strong><em>άξιον</em></strong></span> <span class='ocrx_word' id='word_1_186' title='bbox 855 2628 900 2722; x_wconf 78' lang='grc' dir='ltr'><strong><em>ἦν</em></strong></span> <span class='ocrx_word' id='word_1_187' title='bbox 917 2635 960 2704; x_wconf 85' lang='grc' dir='ltr'><strong><em>άν</em></strong></span> <span class='ocrx_word' id='word_1_188' title='bbox 978 2662 1010 2705; x_wconf 85' lang='grc' dir='ltr'><strong><em>τι</em></strong></span> <span class='ocrx_word' id='word_1_189' title='bbox 1025 2643 1086 2722; x_wconf 80' lang='grc' dir='ltr'><strong><em>τῆς</em></strong></span> <span class='ocrx_word' id='word_1_190' title='bbox 1101 2700 1106 2706; x_wconf 93' lang='grc'>.</span> 
     </span>
     <span class='ocr_line' id='line_1_26' title="bbox 134 2728 1085 2820; baseline 0.002 -22"><span class='ocrx_word' id='word_1_191' title='bbox 134 2730 235 2814; x_wconf 73' lang='grc' dir='ltr'><strong><em>ὀργῆς</em></strong></span> <span class='ocrx_word' id='word_1_192' title='bbox 256 2728 399 2797; x_wconf 75' lang='grc' dir='ltr'><strong><em>ἀνεῖναι·</em></strong></span> <span class='ocrx_word' id='word_1_193' title='bbox 432 2737 463 2798; x_wconf 89' lang='grc' dir='ltr'><strong><em>εί</em></strong></span> <span class='ocrx_word' id='word_1_194' title='bbox 481 2729 513 2798; x_wconf 85' lang='grc' dir='ltr'><strong><em>δ’</em></strong></span> <span class='ocrx_word' id='word_1_195' title='bbox 539 2733 753 2818; x_wconf 82' lang='grc' dir='ltr'><strong><em>ἐπιστάμενος</em></strong></span> <span class='ocrx_word' id='word_1_196' title='bbox 773 2738 906 2820; x_wconf 81' lang='grc' dir='ltr'><strong><em>μέτριον</em></strong></span> <span class='ocrx_word' id='word_1_197' title='bbox 928 2737 1085 2819; x_wconf 84' lang='grc' dir='ltr'><strong><em>παρέχειν</em></strong></span> 
     </span>
     <span class='ocr_line' id='line_1_27' title="bbox 134 2824 1085 2917; baseline 0.006 -22"><span class='ocrx_word' id='word_1_198' title='bbox 134 2824 255 2895; x_wconf 79' lang='grc' dir='ltr'><strong><em>ἑαυτὸν</em></strong></span> <span class='ocrx_word' id='word_1_199' title='bbox 265 2825 347 2895; x_wconf 85' lang='grc' dir='ltr'><strong><em>όταν</em></strong></span> <span class='ocrx_word' id='word_1_200' title='bbox 356 2829 526 2916; x_wconf 82' lang='grc' dir='ltr'><strong><em>βούληται,</em></strong></span> <span class='ocrx_word' id='word_1_201' title='bbox 538 2828 598 2898; x_wconf 84' lang='grc' dir='ltr'><strong><em>τόν</em></strong></span> <span class='ocrx_word' id='word_1_202' title='bbox 610 2835 760 2900; x_wconf 84' lang='grc' dir='ltr'><strong><em>ἐναντίον</em></strong></span> <span class='ocrx_word' id='word_1_203' title='bbox 769 2828 791 2917; x_wconf 74' lang='grc' dir='ltr'><strong><em>ἢ</em></strong></span> <span class='ocrx_word' id='word_1_204' title='bbox 800 2839 921 2899; x_wconf 81' lang='grc' dir='ltr'><strong><em>τοῦτον</em></strong></span> <span class='ocrx_word' id='word_1_205' title='bbox 933 2828 993 2900; x_wconf 86' lang='grc' dir='ltr'><strong><em>τόν</em></strong></span> <span class='ocrx_word' id='word_1_206' title='bbox 1004 2832 1085 2916; x_wconf 89' lang='grc' dir='ltr'><strong><em>τρό-</em></strong></span> 
     </span>
     <span class='ocr_line' id='line_1_28' title="bbox 133 2925 1085 3016; baseline 0.003 -24"><span class='ocrx_word' id='word_1_207' title='bbox 133 2949 199 2993; x_wconf 87' lang='grc' dir='ltr'><strong><em>που</em></strong></span> <span class='ocrx_word' id='word_1_208' title='bbox 210 2929 313 2994; x_wconf 85' lang='grc' dir='ltr'><strong><em>εἵλετο</em></strong></span> <span class='ocrx_word' id='word_1_209' title='bbox 327 2931 402 3012; x_wconf 74' lang='grc' dir='ltr'><strong><em>ζῆν,</em></strong></span> <span class='ocrx_word' id='word_1_210' title='bbox 425 2927 566 3014; x_wconf 77' lang='grc' dir='ltr'><strong><em>εὔδηλον</em></strong></span> <span class='ocrx_word' id='word_1_211' title='bbox 586 2929 694 3016; x_wconf 84' lang='grc' dir='ltr'><strong><em>δήπου</em></strong></span> <span class='ocrx_word' id='word_1_212' title='bbox 706 2927 812 3010; x_wconf 73' lang='grc' dir='ltr'><strong><em>τοῦθ’,</em></strong></span> <span class='ocrx_word' id='word_1_213' title='bbox 834 2928 1029 2997; x_wconf 78' lang='grc' dir='ltr'><strong><em>ότινιαὶνῦν</em></strong></span> <span class='ocrx_word' id='word_1_214' title='bbox 1039 2925 1085 2995; x_wconf 82' lang='grc' dir='ltr'><strong><em>άυ</em></strong></span> 
     </span>
     <span class='ocr_line' id='line_1_29' title="bbox 133 3023 1085 3113; baseline 0.002 -21"><span class='ocrx_word' id='word_1_215' title='bbox 133 3023 378 3113; x_wconf 76' lang='grc' dir='ltr'><strong><em>διακρούσηται,</em></strong></span> <span class='ocrx_word' id='word_1_216' title='bbox 390 3027 491 3095; x_wconf 88' lang='grc' dir='ltr'><strong><em>πάλιν</em></strong></span> <span class='ocrx_word' id='word_1_217' title='bbox 501 3026 600 3107; x_wconf 82' lang='grc' dir='ltr'><strong><em>αὐτὸς</em></strong></span> <span class='ocrx_word' id='word_1_218' title='bbox 610 3031 735 3106; x_wconf 77' lang='grc' dir='ltr'><strong><em>ἐκεῖνος</em></strong></span> <span class='ocrx_word' id='word_1_219' title='bbox 746 3025 787 3094; x_wconf 80' lang='grc' dir='ltr'><strong><em>δυ</em></strong></span> <span class='ocrx_word' id='word_1_220' title='bbox 797 3023 891 3112; x_wconf 79' lang='grc' dir='ltr'><strong><em>ὑμεῖς</em></strong></span> <span class='ocrx_word' id='word_1_221' title='bbox 902 3036 971 3094; x_wconf 88' lang='grc' dir='ltr'><strong><em>ίστε</em></strong></span> <span class='ocrx_word' id='word_1_222' title='bbox 981 3027 1085 3112; x_wconf 82' lang='grc' dir='ltr'><strong><em>γενή-</em></strong></span> 
     </span>
    </p>

    <p class='ocr_par' dir='ltr' id='par_1_5' title="bbox 75 3123 1086 3510">
     <span class='ocr_line' id='line_1_30' title="bbox 75 3123 1082 3213; baseline 0.01 -29"><span class='ocrx_word' id='word_1_223' title='bbox 75 3128 124 3186; x_wconf 86' lang='grc'><strong><em>187</em></strong></span> <span class='ocrx_word' id='word_1_224' title='bbox 133 3142 233 3191; x_wconf 86' lang='grc' dir='ltr'><strong><em>σεται.</em></strong></span> <span class='ocrx_word' id='word_1_225' title='bbox 255 3123 297 3192; x_wconf 82' lang='grc' dir='ltr'><strong><em>οὑ</em></strong></span> <span class='ocrx_word' id='word_1_226' title='bbox 309 3130 362 3193; x_wconf 85' lang='grc' dir='ltr'><strong><em>δεῖ</em></strong></span> <span class='ocrx_word' id='word_1_227' title='bbox 369 3123 409 3212; x_wconf 80' lang='grc' dir='ltr'><strong><em>δὴ</em></strong></span> <span class='ocrx_word' id='word_1_228' title='bbox 422 3130 611 3213; x_wconf 81' lang='grc' dir='ltr'><strong><em>προσέχειν,</em></strong></span> <span class='ocrx_word' id='word_1_229' title='bbox 628 3126 708 3196; x_wconf 77' lang='grc' dir='ltr'><strong><em>οὐδὲ</em></strong></span> <span class='ocrx_word' id='word_1_230' title='bbox 718 3125 778 3193; x_wconf 82' lang='grc' dir='ltr'><strong><em>τόν</em></strong></span> <span class='ocrx_word' id='word_1_231' title='bbox 788 3126 939 3210; x_wconf 88' lang='grc' dir='ltr'><strong><em>παρόντα</em></strong></span> <span class='ocrx_word' id='word_1_232' title='bbox 950 3125 1082 3213; x_wconf 80' lang='grc' dir='ltr'><strong><em>καιρόν,</em></strong></span> 
     </span>
     <span class='ocr_line' id='line_1_31' title="bbox 134 3214 1085 3312; baseline 0.004 -25"><span class='ocrx_word' id='word_1_233' title='bbox 134 3217 175 3288; x_wconf 84' lang='grc' dir='ltr'><strong><em>όν</em></strong></span> <span class='ocrx_word' id='word_1_234' title='bbox 188 3214 287 3300; x_wconf 80' lang='grc' dir='ltr'><strong><em>οὗτος</em></strong></span> <span class='ocrx_word' id='word_1_235' title='bbox 297 3226 479 3311; x_wconf 83' lang='grc' dir='ltr'><strong><em>ἐξεπίτηδες</em></strong></span> <span class='ocrx_word' id='word_1_236' title='bbox 491 3226 682 3312; x_wconf 88' lang='grc' dir='ltr'><strong><em>πλάττεται,</em></strong></span> <span class='ocrx_word' id='word_1_237' title='bbox 702 3225 907 3311; x_wconf 76' lang='grc' dir='ltr'><strong><em>κυριώτερον</em></strong></span> <span class='ocrx_word' id='word_1_238' title='bbox 927 3222 1005 3294; x_wconf 74' lang='grc' dir='ltr'><strong><em>οὑδὲ</em></strong></span> <span class='ocrx_word' id='word_1_239' title='bbox 1026 3250 1085 3291; x_wconf 89' lang='grc' dir='ltr'><strong><em>πι-</em></strong></span> 
     </span>
     <span class='ocr_line' id='line_1_32' title="bbox 133 3317 1086 3410; baseline 0.006 -25"><span class='ocrx_word' id='word_1_240' title='bbox 133 3317 799 3410; x_wconf 77' lang='grc' dir='ltr'><strong><em>στότεροντοῦπαντὸς,δυαότοὶσάνιστε,</em></strong></span> <span class='ocrx_word' id='word_1_241' title='bbox 809 3325 935 3410; x_wconf 85' lang='grc' dir='ltr'><strong><em>χρόνον</em></strong></span> <span class='ocrx_word' id='word_1_242' title='bbox 942 3325 1086 3410; x_wconf 81' lang='grc' dir='ltr'><strong><em>ποιήσα-</em></strong></span> 
     </span>
     <span class='ocr_line' id='line_1_33' title="bbox 134 3419 1086 3510; baseline 0.006 -26"><span class='ocrx_word' id='word_1_243' title='bbox 134 3427 223 3485; x_wconf 81' lang='grc' dir='ltr'><strong><em>σθαι.</em></strong></span> <span class='ocrx_word' id='word_1_244' title='bbox 253 3421 323 3504; x_wconf 73' lang='grc' dir='ltr'><strong><em>ἐμοὶ</em></strong></span> <span class='ocrx_word' id='word_1_245' title='bbox 336 3429 449 3491; x_wconf 88' lang='grc' dir='ltr'><strong><em>παιδία</em></strong></span> <span class='ocrx_word' id='word_1_246' title='bbox 460 3421 632 3510; x_wconf 79' lang='grc' dir='ltr'><strong><em>οὐκέστιν,</em></strong></span> <span class='ocrx_word' id='word_1_247' title='bbox 645 3420 716 3489; x_wconf 77' lang='grc' dir='ltr'><strong><em>οὐδ’</em></strong></span> <span class='ocrx_word' id='word_1_248' title='bbox 733 3419 776 3491; x_wconf 79' lang='grc' dir='ltr'><strong><em>άν</em></strong></span> <span class='ocrx_word' id='word_1_249' title='bbox 787 3429 892 3509; x_wconf 81' lang='grc' dir='ltr'><strong><em>ἔχοιμι</em></strong></span> <span class='ocrx_word' id='word_1_250' title='bbox 903 3429 1006 3489; x_wconf 81' lang='grc' dir='ltr'><strong><em>ταῦτα</em></strong></span> <span class='ocrx_word' id='word_1_251' title='bbox 1017 3444 1086 3490; x_wconf 80' lang='grc' dir='ltr'><strong><em>πα-</em></strong></span> 
     </span>
    </p>
   </div>
   <div class='ocr_carea' id='block_1_3' title="bbox 0 0 1190 3854">
    <p class='ocr_par' dir='ltr' id='par_1_6' title="bbox 0 0 1190 3854">
     <span class='ocr_line' id='line_1_34' title="bbox 0 0 1190 3854; baseline 0 3"><span class='ocrx_word' id='word_1_252' title='bbox 0 0 1190 3854; x_wconf 95' lang='lat' dir='ltr'><strong><em> </em></strong></span> 
     </span>
    </p>
   </div>
  </div>
 </body>
</html>
