2370 3854
301 213 443 276 ΚΑΤΑ
463 215 866 281 ΑΝΔΡΟΤΙΩΝΟΣ.
995 220 1055 286 141

106 387 275 461 φανεῖται
306 373 417 441 καί
378 400 443 460 γαρ
461 378 623 463 ίεροσυίί
611 400 632 440 α
649 377 705 443 καὶ
722 374 847 470 άσεβεί
835 408 856 446 α
873 384 929 451 καί
949 391 1058 474 κλοπῇ

61 487 97 545 70
105 476 160 543 καί
182 483 261 541 πᾶσι
282 487 352 552 τοῖς
374 473 576 552 δεινοτάτοις
596 475 686 541 ἐστίν
707 480 828 562 ἔνοχος.
861 506 901 547 τα
889 475 1035 567 μὲν
994 508 1058 550 ουν

104 572 202 642 πόλλ’
226 600 275 640 ων
292 570 438 660 λέγων
417 580 505 660 υμᾶς
521 572 692 659 ἐφενάκιζε
709 583 917 660 παραλείψω
950 581 1059 700 φήσας

104 673 171 741 δὲ’
153 685 313 759 απορρείν
325 698 365 738 τα
354 669 489 757 φύλλα
506 698 574 739 των
585 674 763 759 στεφάνων
778 679 833 743 καί
852 677 1001 766 σαπρούς
1012 678 1052 747 εἴ»

103 798 161 840 ναι
173 769 272 838 διά
238 798 300 839 τον
309 772 445 858 χρόνον,
464 771 575 859 ὥσπερ
587 768 679 859 ίωνῆ
685 772 835 898 9666st
813 802 922 864 οντας,
935 774 1003 844 ἀλλ’
1016 775 1057 844 ού

103 875 255 958 χρυσίου,
268 871 491 956 συγχωνεύειν
502 876 641 940 ἔπεισεν.
653 865 718 940 κάτ
716 871 780 941 ’ἐπὶ
793 877 973 960 μὲνταιςεί
971 896 1058 960 σφο-

105 984 178 1056 ραῑς
188 967 249 1037 τδν
260 968 421 1056 δημόσιον
432 985 585 1094 παρεῖναι
597 972 865 1059 προσέγραψεν*
842 1000 886 1053 ως
896 975 936 1062 δὴ
950 980 985 1043 δ
982 1002 1058 1043 και

105 1095 142 1147 ος
154 1095 217 1153 ων,
241 1095 291 1135 ων
308 1070 445 1149 ἕκαστος
461 1069 686 1156 άντνγραφεύς
696 1076 831 1158 ἔμελλεν
841 1079 978 1142 ἔσεσθαι
989 1081 1057 1142 ταῖν

105 1169 377 1253 είσενεγκύντων·
407 1171 459 1236 ἐπὶ
476 1183 546 1248 τοῖς
562 1169 740 1255 στεφάνοις
763 1175 802 1236 δ’
805 1169 898 1257 ,οδς
918 1175 1057 1241 κατέκο-

105 1266 286 1354 πτεν,ούχὶ
296 1267 487 1355 προσήγαγε
498 1266 597 1335 τούτο
587 1265 645 1336 δί
630 1274 738 1336 ίκαιον
748 1221 848 1337 τούτο
856 1268 942 1354 ,ἀλλ’
956 1268 1057 1350 αύτὸς

62 1390 95 1444 71
105 1367 232 1457 ῥήτωρ,
244 1364 443 1452 χρυσοχόος,
453 1372 585 1451 ταμίας,
598 1363 822 1453 ἀντιγραφεὺς
832 1371 978 1453 γέγονεν.
1002 1371 1058 1436 καὶ

105 1467 172 1554 μὴν
184 1473 214 1533 εί
224 1465 285 1551 μέν
296 1462 411 1531 ἅπαντ’
422 1462 545 1551 ἠξίους,
558 1462 621 1532 ὅσοι
631 1463 785 1551 πράττεις
796 1473 837 1554 τῇ
848 1467 959 1550 πόλει,
972 1486 1058 1534 σαν-

104 1575 150 1654 τῷ
163 1564 340 1651 πιστεύειν,
359 1560 421 1632 ούκ
438 1559 482 1631 άν
493 1561 614 1649 ὁμοίως
625 1568 764 1651 κλέπτης
777 1560 972 1651 ύνέφωριῖ·
991 1574 1058 1634 νύν

105 1662 136 1732 δ’
150 1667 203 1731 ἐπὶ
213 1677 283 1742 ταῖς
295 1659 494 1749 είσφοραϊςδ
507 1663 636 1731 δίκαιόν
647 1660 716 1731 ἐσθ’
730 1661 860 1747 ὁρίσας,
884 1663 928 1750 μὴ
939 1666 991 1732 σοί
1001 1689 1058 1732 πι-

104 1764 251 1850 στεύειν,
275 1760 359 1830 omo}
375 1777 443 1841 τοῖς
458 1763 575 1848 ἑαυτῆς
593 1763 726 1842 δούλοις
746 1762 810 1849 τὴν
828 1764 943 1851 πόλιν,
966 1761 1054 1832 ὁπότ’

104 1862 185 1931 ἄλλο
196 1888 227 1929 τι
239 1862 393 1946 πράττων
404 1863 460 1929 καὶ
470 1862 621 1950 χρήματα
631 1870 738 1930 κινῶν
749 1861 833 1949 ἱερά,
842 1855 891 1932 άν
897 1869 968 1932 ἔνια
979 1861 1054 1931 οὐδ’

103 1965 156 2030 ἐπὶ
166 1971 223 2048 τῆς
233 1958 390 2048 ἡμετέρας
401 1971 517 2046 γενεάς
529 1961 682 2048 ἀνετέθη,
702 1959 746 2049 μὴ
759 1963 1058 2049 προσγραψάμενος

104 2060 166 2148 τὴν
183 2059 289 2147 αὐτὴν
305 2061 462 2147 φυλακὴν
477 2059 584 2146 ἥνπερ
601 2063 653 2129 ἐπί
668 2067 737 2128 τοῖν
756 2067 924 2147 είσφορῶν
934 2069 1056 2147 φαίνει,
1151 2120 1152 2124 ,

60 2179 94 2232 72
105 2159 168 2228 ούκ
180 2160 324 2246 εύδηίον
335 2157 373 2226 δί
387 2157 408 2226 δ’
424 2157 510 2226 τοῦτ’
524 2164 696 2243 έποίησας;
718 2157 781 2243 ε’γοδ
798 2158 858 2244 μέν
869 2159 967 2243 οἶμαι,
1002 2162 1057 2225 καί

104 2258 183 2344 μὴν,
197 2251 225 2324 ά
236 2255 545 2342 άνδρεςἈθηναίοι,
566 2257 717 2323 καὶκατὰ
728 2253 1057 2341 παντὸςτοῦχρόνον

105 2362 275 2437 σκέψασθε
295 2352 339 2432 ὡς
355 2351 440 2421 καλά
457 2356 513 2422 καὶ
529 2352 656 2441 ζηλωτὰ
674 2353 903 2440 ἐπιγράμματα
918 2361 977 2440 τῆς
993 2354 1057 2422 πό-

105 2466 187 2535 λεως
197 2453 327 2522 άνείών
340 2449 384 2532 ως
395 2451 499 2540 άσεβῆ
511 2457 566 2522 καί
577 2450 669 2522 δεινά
681 2452 972 2539 ἀντεπιγέγραφεν.
1006 2452 1056 2521 οἱ-

103 2583 162 2642 μαι
176 2552 242 2641 γάρ
259 2555 346 2640 ὑμᾶς
362 2551 511 2632 ἅπαντας
528 2550 612 2639 ὁράν
629 2549 695 2622 ύπδ
713 2559 781 2620 τῶν
792 2552 969 2638 στεφάνων
984 2566 1056 2633 ταῖς
1068 2573 1119 2628 616

102 2661 255 2742 χοινικίσι
270 2654 427 2721 κάτωθεν
443 2657 655 2740 γεγραμμένα
666 2650 723 2722 “οί
736 2652 900 2740 σύμμαχοι
916 2651 977 2720 τδν
994 2658 1055 2740 δῆ-

96 2753 185 2840 “μον
197 2752 426 2839 ἀνδραγαθίας
437 2755 535 2830 ἕνεκα
546 2755 601 2822 καὶ
618 2750 846 2838 δικαιοσύνρς”
858 2746 881 2838 ἦ
895 2749 952 2820 “οί
967 2752 1054 2839 σύμ-

98 2850 219 2938 “μαχοι
225 2851 393 2938 ἀριστείου
400 2856 440 2940 τῇ
449 2847 662 2940 Ἀθηναίᾳ,”ἣ
673 2849 756 2920 κατά
767 2848 941 2930 πόλεις“οί
951 2856 1055 2928 δεῖνες

98 2949 181 3018 “τδν
192 2956 309 3037 δῆμον,
326 2952 492 3029 σωθέντες
502 2947 567 3019 ύπδ
579 2958 641 3019 τού
653 2950 787 3073 δήμου,”
807 2947 879 3020 οἷον
892 2947 1055 3036 “Εύβοεῑς

96 3048 403 3136 “έίευθερωθέντες
411 3051 703 3172 ἐστεφάνωσαν
668 3077 729 3118 τον
740 3047 863 3137 δῆμον”
869 3051 1054 3132 [ἐπεγέγρα-

100 3173 162 3217 πτο
156 3150 268 3234 που],
283 3145 409 3216 πάλιν
411 3145 578 3217 ’Κόνων’
559 3147 625 3249 απδ
637 3156 695 3237 τῆς
706 3154 890 3233 ναυμαχίας
900 3153 957 3232 τῆς
967 3147 1052 3265 πρὸς

96 3245 427 3333 “Λακεδαιμονίονς.”
457 3274 594 3317 τοιαυτα
603 3274 668 3334 γαρ
685 3241 730 3333 ἦν
740 3245 780 3314 τά
796 3272 864 3313 των
875 3245 1051 3332 στεφάνων

55 3346 338 3433 Ἰδέπιγράμματα.
371 3355 476 3415 ταῦτα
492 3375 555 3435 μεν
569 3342 741 3432 τοίννν,δι
719 3342 1050 3431 αζῆλονπολύνεῖχε

97 3447 151 3514 καί
170 3451 361 3533 φιλοτιμίαν
377 3442 475 3531 ύμίν,
496 3443 675 3532 ἠφάνισται
690 3448 965 3529 καθαιρεθέντων
981 3469 1050 3509 των
