2370 3854
139 204 202 268 436
323 206 447 264 XXXVI.
483 200 900 265 ΔΗΜΟΣΘΕΝΟΤΣ

141 392 213 450 νος,
238 360 313 432 οὐδ’
332 361 458 432 άδικύν
471 360 721 445 Ἀπολλόδωρον
738 363 887 448 τουτονὶ,
910 369 1089 434 δεῖταικαὶ

140 463 278 531 ἱκετεύει
295 463 350 531 καὶ
366 459 453 543 άξιοι
467 470 636 550 σωθῆναι,
660 456 750 528 καὶ
731 474 823 546 ημεϊς
838 462 1048 551 συνδεόμεθα
1060 469 1094 532 οί
1102 475 1154 531 962

75 544 315 647 ἐπιτήδειοι
329 557 431 627 ταῦθ’
452 557 556 647 ύμύν.
586 556 779 627 ἐκεῖνοδΗ
762 569 847 646 υμᾶς
868 560 1010 631 άκούσαι
1032 569 1090 633 δεῖ.

140 665 284 726 τοσαῦτα
294 655 375 743 γάρ,
394 684 420 724 ω
408 649 568 742 άνδρες’
564 665 746 743 Αθηναῖοι,
758 658 908 744 χρήμαθ’
921 658 999 747 ὑμῖν
1012 661 1092 730 άνε-

140 756 280 841 γνωσθη
306 753 593 839 προσηυπορηκως
615 751 668 822 ὅδ’
690 752 771 822 οὔθ’
790 749 889 837 ούτος
904 758 965 827 ούτ
970 759 1092 839 ’άλλος

141 851 250 932 ουδεις
261 879 420 940 κεκτηται
445 860 552 932 πίστις
561 860 673 941 μέντοι
685 861 854 940 Φορμίωνι
865 881 954 943 παρα
964 873 1033 938 τοῖς
1044 865 1093 927 εί

142 953 215 1021 δόσι
227 953 282 1019 καὶ
293 952 463 1019 τοσούτων
472 979 526 1019 και
514 954 646 1042 πολλῷ
656 952 821 1021 πλειονων
827 981 1005 1041 χρηματων
1013 959 1091 1043 ἐστὶ,

99 1065 134 1118 58
142 1040 229 1116 δι
204 1074 245 1134 ης
261 1052 315 1115 καὶ
331 1046 431 1128 αύτός
447 1046 535 1137 αύτφ
522 1047 643 1118 καὶ“
622 1064 704 1137 υμιν
713 1053 870 1138 χρησιμος
880 1056 977 1122 ἐστιν
1014 1052 1091 1141 άμη

141 1155 308 1234 προῆσθε,
321 1145 400 1235 μηδ’
413 1151 604 1235 ἐπιτρέψητε
614 1147 838 1239 ἀνατρέψαι
807 1177 852 1218 τω
864 1159 974 1243 μιαρῷ
983 1153 1091 1242 τούτῳ

141 1245 329 1338 άνθρύπφ,
346 1252 427 1334 μηδὲ
439 1249 594 1334 ποιήσητε
606 1245 743 1335 αἰσχρὸν
754 1247 1021 1337 παράδενγμα,’
998 1277 1041 1331 ως
1051 1251 1092 1318 τά
1152 1317 1154 1321 ,

140 1355 209 1414 τοῖν
219 1350 446 1435 ἐργαζομένων
456 1352 511 1415 καὶ
520 1354 658 1434 μετρίως
667 1348 856 1416 ἐθελόντων
868 1353 925 1434 ζῆν
935 1362 1003 1427 τοῖς
1013 1353 1092 1436 βδε-

141 1454 255 1531 λυροῖς
276 1447 331 1515 καὶ
347 1447 573 1533 συκοφάνταις
589 1443 728 1532 ὑπάρχει
744 1446 826 1529 παρ’
845 1445 942 1534 ύμούν
961 1455 1092 1534 λαβεῖν·

141 1543 229 1613 πολύ
244 1545 308 1630 γάρ
320 1547 548 1633 χρησιμώτερα
560 1543 642 1631 ὑμῖν
652 1542 741 1632 παρά
754 1549 839 1631 τῷδε
850 1543 930 1614 ὅντα
941 1543 1081 1631 ὑπάρχει

142 1642 240 1730 ὁρᾶτε
251 1642 315 1730 γάρ
326 1643 420 1714 αύτοὶ
431 1647 486 1713 καὶ
496 1643 634 1713 άκούετε
644 1651 713 1712 τῶν
722 1644 917 1731 μαρτύρων,
931 1641 1002 1712 οἷον
1014 1645 1093 1712 ἑαυ-

100 1765 134 1818 59
143 1742 202 1810 τὸν
218 1758 287 1822 τοῖς
300 1748 448 1831 δεηθεῖσι
469 1747 612 1831 παρέχει.
648 1741 851 1811 καὶτούτων
872 1739 971 1811 οὐδὲν
994 1744 1091 1811 ἕνεκα

141 1849 203 1908 τοῦ
219 1849 471 1922 λυσιτελοῦντος
487 1849 533 1922 είς
548 1843 698 1930 χρήματα
715 1848 909 1928 πεποίηκεν,
932 1840 1016 1911 άλλά
1034 1870 1092 1929 φι-

142 1946 340 2028 λανθρωπίηι
351 1943 406 2009 καὶ
416 1940 542 2027 τρόπον
553 1945 715 2029 ἐπιεικείᾳ.
739 1940 865 2009 ούκουν
876 1942 980 2029 άξιον,
993 1935 1020 2009 ά
1031 1942 1093 2010 άν-

143 2042 218 2122 δρες
226 2035 413 2124 Ἀθηναῖοι,
434 2037 495 2107 τὸν
510 2047 664 2107 τοιοῦτον
681 2038 787 2127 άνδρα
799 2048 962 2126 προέσθαι
973 2042 1092 2132 τούτῳ,

143 2134 222 2206 οὐδὲ
237 2145 418 2223 τηνικαῦτα
434 2141 538 2207 ἐλεεῖν
554 2136 605 2206 ὅτ’
625 2136 726 2209 οὐδὲν
743 2144 833 2208 ἔσται
850 2139 957 2232 τούτφ
980 2145 1091 2226 πλέον,

144 2232 227 2302 άλλά
245 2244 310 2303 νῦν
328 2234 383 2305 ὅτε
400 2238 511 2322 κύριοι
528 2240 710 2307 καθέστατε
722 2248 842 2309 σωσαι
863 2239 904 2309 ού
917 2241 980 2328 γάρ
992 2240 1089 2326 ἔγωγ’

143 2331 214 2419 ὁρω
228 2333 348 2420 καιρὸν
375 2337 475 2405 ἐνί
440 2344 506 2405 τίνι
522 2332 566 2404 άν
581 2345 708 2425 μᾶλλον
724 2340 906 2427 βοηθήσειέ
923 2366 971 2418 τις
992 2337 1092 2429 αύτῷ.

101 2457 183 2511 ςρτα
172 2427 308 2518 μὲν
266 2459 330 2501 ουν
340 2434 446 2502 πολλα
458 2427 506 2501 οἷν
513 2433 758 2521 Ἀπολλόδωρος
769 2442 844 2524 ἐρεῖ,
837 2435 1040 2557 νομίζεθ’
1010 2464 1094 2505 ειναι

143 2531 246 2617 λόγον
257 2534 311 2601 καὶ
323 2541 557 2621 συκοφαντίας,
566 2533 716 2602 κελεύετε
728 2533 755 2602 δ
767 2531 873 2602 αύτόν
883 2533 962 2617 ύμῖν
972 2536 1093 2602 ἐπιδεῖ-

144 2627 233 2709 ξαι’1
210 2658 232 2717 η
246 2658 290 2710 ως
301 2658 343 2699 ου
332 2629 483 2701 ’διέθετο
494 2631 596 2702 ταῦθ’
611 2630 765 2718 ὁπατηρ,
787 2628 809 2717 ἢ
822 2656 865 2708 ως
875 2635 943 2695 ἔστι
952 2655 1000 2706 τις
1010 2629 1092 2713 ἄλλη

142 2723 1092 2816 μίσθωσιςπλὴνῆςὴμεῑςδείκνυμεν,ἢύςούκάφῆκεναύ-

141 2825 203 2896 τὸν
220 2829 489 2913 διαλογισάμενος
499 2837 567 2894 των
576 2826 789 2913 ἐγκλημάτων
803 2821 994 2893 ἁπάντωνά
1008 2830 1093 2911 ἔγνω

142 2925 161 2996 ὁ
173 2923 331 3014 κηδεστὴς
347 2923 365 2994 ὁ
382 2927 504 2994 τούτου
516 2929 571 2994 καὶ
583 2916 681 3004 οὗτος
692 2921 792 3006 αύτδς
802 2925 1050 3011 συνεχώρησεν,
1072 2921 1094 3010 η’

143 3025 187 3106 ὡς
205 3025 357 3094 διδόασιν
375 3029 410 3093 οί
423 3027 521 3114 νόμοι
539 3026 731 3106 δικάζεσθαι
746 3032 813 3092 των
825 3020 912 3092 ούτω
924 3025 1094 3110 πραχθέν-

98 3155 130 3208 51
140 3153 226 3213 των,
237 3121 261 3214 ἢ
270 3126 510 3197 τῶντοιούτων
520 3153 552 3194 τι
564 3125 743 3194 δεικνύναι.
777 3124 837 3192 ἐάν
848 3121 879 3191 δ’
894 3122 1031 3207 άπορῶν
1042 3128 1095 3190 αἰ·

141 3233 212 3306 τίας
223 3230 279 3295 καὶ
289 3233 500 3315 βλασφημίας
510 3231 590 3315 λέγη
599 3228 654 3294 καὶ
669 3232 854 3312 κακολογῇ,
865 3221 908 3309 μὴ
921 3227 1094 3309 προσέχετε
1103 3245 1155 3302 953

141 3324 201 3391 τὸν
221 3334 323 3413 νούν,
345 3324 423 3413 μηδ’
449 3323 571 3412 ύμάςὴ
589 3324 711 3393 τούτου
728 3323 856 3412 κραυγὴ
874 3323 930 3390 καὶ
946 3319 1095 3389 άυαίδεια

144 3422 343 3511 ἐξαπατήσῃ,
365 3422 450 3492 άλλά
472 3425 653 3508 φυλάττετε
674 3425 729 3492 καὶ
750 3423 921 3511 μέμνησθε
937 3417 1096 3509 ὅδ’ἡμύν
