2370 3854
153 197 218 262 408
356 201 463 260 XXXV.
485 196 903 258 ΔΗΜΟΣΘΕΝΟΤΣ

153 358 227 430 τότε
238 362 299 444 μὲν
306 408 316 443 ,
329 348 357 426 ά
367 355 488 442 άνδρες
498 357 647 424 δικασταὶ
654 405 664 440 ,
681 353 727 422 ὅτ’
739 354 895 442 ἐβούλετο
907 352 946 423 τά
957 355 1111 443 χρήματα

153 466 269 545 λαβεῖν
279 455 351 544 παρ’
363 454 470 545 ήμοῐν,
488 454 544 523 καὶ
555 450 699 539 ιἰδελφδς
711 457 773 540 ἔφη
785 452 869 521 εἶναι
880 456 935 522 καὶ
945 452 1111 535 κοινωνός

153 567 215 626 τοῦ
223 555 443 645 Ἀρτέμωνος,
466 555 521 621 καὶ
537 554 660 638 λόγους
677 559 873 638 θαυμασίως
885 549 929 631 ὡς
940 551 1109 633 πιθανούς

117 661 280 741 Ι7ἒλεγεν·
304 654 416 741 ἐπειδή
430 652 466 722 δὲ
477 653 612 738 τάχιστα
624 654 791 737 ἐγκρατεῖς
809 653 961 736 ἐγένοντο
972 660 1033 722 τοῦ
1045 650 1108 739 άρ-

153 763 285 842 γυρίου,
305 761 404 822 τοῦτο
415 751 477 839 μὲν
488 757 692 838 διενείμαντο
704 752 759 817 καὶ
770 753 913 835 ἐχρῶντο
926 749 947 818 ό
956 777 987 819 τι
998 749 1110 819 ἐδόκει

153 854 303 938 τούτοις,
326 848 410 920 κατά
425 850 461 918 δὲ
471 849 534 936 τήν
545 849 745 935 συγγραφήν
756 849 818 936 τήν
834 847 1011 937 ναυτικήν,
1028 847 1105 918 καθ’

154 951 197 1040 ήν
209 958 331 1038 ἔλαβον
342 946 383 1017 τά
395 949 562 1035 χρήματα,
576 948 653 1015 οὔτε
670 950 753 1034 με’γα
764 944 842 1014 οὔτε
852 947 973 1035 μικρὸν
985 953 1107 1033 ἔπρατ-

155 1077 225 1135 τον,
239 1047 284 1127 ως
294 1044 375 1115 αὐτὸ
387 1045 424 1114 τό
436 1052 536 1131 ἔργον
554 1046 729 1133 ἐδήλωσεν.
760 1043 875 1114 ούτοσί
890 1046 926 1115 δὲ
941 1047 1108 1134 Λάκριτος

155 1147 315 1216 ἁπάντων
326 1139 370 1233 ήν
379 1142 537 1215 τούτωνὸ
551 1145 713 1233 ἐξηγητής.
747 1142 823 1213 καθ’
835 1145 977 1213 ἕκαστον
991 1145 1027 1214 δὲ
1038 1151 1107 1213 τῶν

154 1248 394 1335 γεγραμμένων
410 1249 447 1313 ἐν
461 1252 503 1333 τῇ
519 1252 697 1332 συγγραφῇ
713 1247 860 1325 ἐπιδείξω
879 1243 1019 1323 τούτους
1030 1239 1106 1311 οὐδ’

155 1343 269 1414 ὁτιοῦν
280 1344 500 1430 πεποιηκότας
511 1341 609 1427 ύγιές.

112 1481 148 1535 ιθ
239 1466 381 1546 Πρῶτον
390 1458 453 1545 μὲν
463 1455 526 1543 γάρ
538 1460 718 1543 γέγραπται
734 1457 785 1526 ότι
802 1456 849 1526 ἐπ’
862 1469 958 1528 οίνου
969 1463 1107 1543 κεραμί-

154 1583 204 1636 οις
220 1563 408 1643 τρισχιλίοις
429 1558 633 1637 ἐδανείζοπο
650 1555 725 1641 παρ’
741 1552 837 1644 ήμῶν
851 1557 909 1636 τάς
927 1556 1107 1643 τριάκοντα

153 1663 256 1743 μναῖς,
279 1651 323 1734 ὡς
333 1652 548 1742 ὑπαρχούσης
564 1655 677 1735 αύτοίς
693 1654 871 1743 ὑποθήκης
881 1656 1106 1744 ἑτέρωντριά-

153 1779 257 1822 κοντα
274 1758 386 1840 μναῖν,
409 1749 483 1822 ὥστ’
504 1760 550 1834 είς
569 1753 733 1823 τάλαντον
750 1753 914 1841 άργυρίου
929 1756 991 1844 τήν
1008 1753 1107 1842 τιμήν

154 1850 239 1919 εἶναι
250 1858 312 1919 τοῦ
323 1861 419 1919 οίνου
431 1858 696 1941 καθισταμένην,
720 1855 785 1922 σύν
795 1870 863 1934 τοῖς
879 1854 1106 1941 άναλιόμασιν,

155 1949 218 2018 ὅσα
236 1953 302 2015 ἔδει
318 1946 559 2018 ἀναλίσκεσθαι
580 1957 625 2030 είς
647 1950 708 2038 τήν
725 1949 935 2039 κατασκευήν
955 1951 1017 2039 τήν
1032 1955 1105 2038 περὶ

155 2050 215 2119 τὸν
227 2046 336 2118 οἶνον·
358 2047 398 2116 τά
410 2049 446 2116 δὲ
458 2058 619 2136 τρισχίλια
635 2051 775 2138 κεράμια
793 2049 936 2137 άγεσθαι
946 2061 1049 2120 ταῦτα
1062 2057 1108 2130 είς
1118 2065 1171 2124 929

154 2149 214 2218 τὸν
224 2149 360 2218 Πόντον
371 2152 408 2218 ἐν
418 2158 459 2240 τῇ
471 2148 649 2242 εἰκοσόρῳ,
668 2148 887 2239 ήνὙβλήσιος
898 2150 1104 2236 ἐναυκλήρει.

113 2263 145 2319 19
155 2251 335 2334 γέγραπται
355 2251 416 2335 μὲν
432 2257 536 2317 ταῦτα
554 2251 591 2317 ἐν
607 2258 649 2338 τή
666 2259 861 2338 συγγραφῇ,
887 2243 914 2317 ά
924 2249 1042 2334 ἄνδρες
1055 2251 1106 2314 δι-

154 2350 288 2435 κασταὶ,
311 2342 351 2436 ής
362 2347 455 2436 ὑμεῖς
466 2346 647 2437 άκηκόατε·
671 2343 765 2419 οὗτοι
776 2348 808 2417 δ’
820 2346 894 2417 άντὶ
904 2355 971 2415 τω”ν
981 2365 1106 2433 τρισχι-

153 2453 235 2515 λίων
246 2453 414 2533 κεραμίων
424 2444 502 2515 οὐδὲ
514 2448 715 2517 πεντακόσια
726 2447 866 2533 κεράμια
879 2453 924 2525 είς
934 2443 972 2513 τό
988 2453 1107 2511 πλοῖον

154 2549 326 2632 ἐνέθεντο,
351 2543 420 2613 ἀλλ’
436 2545 511 2615 άντδ
527 2556 590 2615 τοῦ
606 2547 797 2635 ἠγοράσθαι
809 2543 921 2622 αὐτοῖς
930 2541 990 2609 τόν
1001 2541 1105 2626 οἶνον,

154 2642 237 2711 ὅσον
248 2652 414 2732 προσῆκε,
425 2659 493 2725 τοῖς
503 2647 667 2732 χρήμασιν
678 2649 821 2732 ἐχρῶντο
835 2640 856 2708 ό
866 2667 896 2707 τι
909 2637 1016 2705 ἐδόκει
1026 2638 1106 2705 τού-

153 2767 238 2827 τοις,
257 2741 297 2808 τά
317 2743 353 2809 δὲ
367 2742 508 2828 κεράμια
520 2742 559 2808 τά
570 2750 732 2828 τρισχίλια
744 2738 819 2809 οὐδ’
832 2741 1015 2824 ἐμέλλησαν
1027 2735 1105 2808 ούδὲ

155 2839 379 2925 διενοήθησαν
390 2842 552 2907 ἐνθέσθαι
563 2847 608 2919 είς
618 2839 655 2908 τό
668 2848 786 2909 πλοῖον
795 2838 876 2909 κατά
886 2837 947 2925 τήν
956 2857 1104 2925 συγγρα-

154 2936 233 3026 φήν.
268 2935 319 3004 ὅτι
335 2933 367 3004 δ’
381 2935 491 3024 άληθή
509 2943 613 3007 ταῦτα
632 2943 734 3026 λέγω,
757 2941 837 3028 λαβὲ
848 2936 908 3026 τήν
920 2945 1105 3025 μαρτυρίαν
1181 2988 1184 2993 -

152 3044 221 3104 των
233 3036 472 3122 συμπλεόντων
481 3039 520 3106 ἐν
530 3047 577 3129 τῷ
588 3036 678 3129 αύτῷ
691 3044 794 3128 πλοίῳ
805 3037 943 3116 τούτοις.

510 3214 751 3276 MAPTYPIA.

110 3355 146 3410 2⁰
237 3339 575 3494 [Ἐρασικλήςμαρτνρει
567 3341 887 3451 κυβερνάντήνναῦν
893 3343 943 3450 ἣν
953 3342 1107 3430 Ὑβλήσιος

195 3427 368 3510 ἐναυκλήρει
374 3476 384 3510 ,
406 3433 458 3495 καί
481 3432 540 3495 eloi
539 3456 588 3495 ναι
607 3425 866 3512 Ἀπολλόδωρον’
847 3427 992 3513 αγόμενον
1013 3430 1045 3493 ἐν
1065 3437 1107 3516 τῷ
