2370 3854
163 193 227 258 424
347 196 471 258 XXXVI.
506 194 920 259 ΔΗΜΟΣΘΕΝΟΫΣ

516 361 756 423 MAPTPPIA.

121 466 156 528 1⁴
245 468 505 556 Μεμαρτύρηται
520 469 583 555 μὲν
598 475 715 537 τοίνυν
725 466 823 554 ὗμιν,
847 460 1115 556 ὦάνδρεςἈδη-

160 582 263 652 ναῖοι,
286 565 336 635 ὅτι
351 570 407 636 καί
423 567 554 646 τούτοις
569 570 761 653 ἐμίσθωσαν
777 568 833 635 καὶ
854 564 895 633 ού
916 569 1115 652 παρέδωκαν

161 670 250 733 ίδίαν
266 662 423 752 άφορμην
439 664 616 751 οὐδεμίαν,
637 668 694 732 καί
704 667 904 747 ἐλευθέρους
914 660 1058 749 ἀφεῖσαν
1068 662 1114 743 ύς

159 765 285 850 μεγάλα
302 756 342 831 εὖ
359 764 581 849 πεπονθότες,
603 764 658 830 καί
670 759 733 831 οὐκ
745 760 930 850 ἐδικάζοντο
943 759 1017 829 οὔτ’
1028 765 1113 831 ἐκεί-

159 889 230 940 νοις
246 859 315 929 τότ’
335 860 412 929 ούτε
428 862 545 950 τούτῳ.
579 858 620 928 δν
637 860 698 946 μὲν
712 866 829 928 τοίνυν
838 857 992 948 χρόνονὴ
1004 861 1112 946 μήτηρ

160 966 212 1046 ἔζη
223 957 244 1046 ἡ
256 959 365 1027 πάντα
374 957 467 1026 ταῦτ’
482 956 627 1044 ἀκριβῶς
637 961 760 1043 είδυία,
771 955 871 1025 οὐδὲν
884 962 1029 1045 ἔγκλημα
1041 957 1112 1026 πολ·

160 1082 240 1126 ποτε
265 1055 439 1143 ἐποιήσατο
460 1054 543 1139 πρὸς
560 1059 693 1124 τουτονί
710 1062 891 1143 Φορμίωνα
905 1055 1112 1127 Ἀπολλόδω-

162 1183 233 1239 ρος·
253 1154 296 1235 ὡς
313 1152 345 1224 δ’
365 1155 577 1244 ἐτελεύτησεν
594 1158 719 1242 ἐκείνη,
741 1162 918 1241 τρισχιλίας
934 1158 1171 1241 ίγκαλέσαςδλδ

160 1256 322 1339 ἀργυρίου
344 1254 490 1341 δραχμάς
511 1252 595 1340 πρὸς
614 1251 665 1333 αἷς
682 1259 806 1322 ἔδωκεν
816 1256 924 1339 ἐκείνη
943 1257 1113 1341 δισχιλίαις

159 1368 228 1432 τοῖς
243 1353 366 1421 τούτου
383 1357 540 1438 παιδίοις,
565 1357 620 1421 καὶ
635 1359 830 1439 χιτωνίσκον
846 1354 921 1421 τινὰ
937 1356 994 1422 καὶ
1004 1352 1112 1438 θερά-

119 1469 151 1520 15
160 1479 293 1536 παιναν,
307 1451 533 1536 ἐσυκοφάντει.
557 1453 612 1519 καί
623 1449 698 1517 οὐδ’
710 1455 859 1519 ἐνταῦθα
871 1450 1000 1521 τούτων
1010 1451 1111 1521 οὐδὲν

160 1543 209 1618 οἷν
226 1557 292 1618 νῦν
303 1553 434 1635 ἐγκαλεῖ
442 1554 548 1634 λέγων
559 1549 751 1636 φανήσεται.
786 1552 961 1633 ἐπιτρέψας
972 1551 1008 1619 δὲ
1017 1558 1066 1641 τῷ
1075 1576 1111 1619 τε

158 1658 216 1736 τῆς
233 1651 352 1717 ἑαυτοῦ
370 1646 528 1734 γυναικὸς
538 1651 636 1734 πατρί
646 1651 702 1716 καὶ
712 1656 760 1739 τῷ
771 1652 978 1737 συγκηδεστῇ
987 1656 1035 1735 τῷ
1045 1647 1110 1716 αύ-

157 1757 219 1816 τού
236 1749 291 1816 καὶ
308 1753 443 1838 Λυσίνῳ
459 1749 515 1815 καί
529 1743 753 1833 Ἀνδρομένει,
774 1747 963 1814 πεισάντων
980 1745 1110 1815 τούτων

159 1851 337 1931 Φορμίωνα
358 1847 490 1913 τουτονὶ
507 1849 625 1912 δοῦναι
643 1843 773 1932 δωρεὰν
789 1842 848 1923 τοὶς
862 1850 1040 1930 τρισχιλίας
1054 1850 1111 1913 καί

159 1942 197 2010 τδ
215 1940 343 2026 προσὸν
358 1944 413 2009 καί
430 1949 530 2028 φίλον
546 1950 675 2029 μᾶλλον
684 1948 771 2029 ἒχειν
781 1951 901 2011 τούτου
911 1938 935 2031 ἢ
946 1942 1000 2011 διδ
1012 1937 1110 2010 ταῦτ’

158 2039 281 2128 ε’χδρδν
291 2037 395 2108 αύτδν
406 2039 505 2127 εἶναι,
518 2040 631 2128 λαβοδν
640 2040 677 2109 τὸ
690 2040 824 2128 σύμπαν
836 2048 1109 2128 πεντακισχιλίας,

157 2141 212 2208 καί
230 2138 365 2208 πάντων
382 2138 476 2225 ἀφεὶς
491 2149 559 2208 τοίν
570 2141 784 2227 ἐγκλημάτων
794 2140 830 2209 vd
843 2141 1001 2224 δεύτερον
1011 2148 1058 2221 είς
1067 2139 1107 2210 τδ

116 2255 149 2310 16
158 2237 249 2321 ίερὸν
259 2245 318 2324 τῆς
326 2236 469 2324 Ἀθηνᾶς
479 2239 608 2324 ἐλδοδν,
623 2241 740 2325 πάλιν,
756 2239 801 2320 ὦς
810 2237 919 2327 ὁρᾶτε,
931 2239 1106 2327 δικάζεται,

156 2337 263 2416 πάσας
280 2343 383 2416 αίτίας
396 2339 590 2424 συμπλάσας
600 2342 656 2407 καί
667 2340 854 2427 ἐγκλήματα
865 2341 900 2407 ἐκ
912 2336 1035 2417 παντὸς
1045 2346 1108 2406 τοῦ

154 2435 279 2520 χρόνου
289 2442 351 2502 τοῦ
361 2434 425 2519 πρὸ
435 2436 557 2504 τούτου
567 2446 677 2521 (τοῦτο
687 2437 752 2521 γάρ
761 2441 828 2505 ἐστι
836 2441 990 2524 μέγιστον
997 2435 1108 2506 ἁπάν-

154 2538 253 2619 των),
265 2529 287 2599 δι’
298 2532 506 2603 οὐδεπώποτ’
516 2535 682 2623 ᾐτιάσατο.
703 2534 749 2616 ὡς
759 2546 875 2605 τοίνυν
886 2534 979 2605 ταῦτ’
993 2534 1106 2623 άληδῆ

154 2633 255 2717 λέγω,
277 2635 360 2718 λαβέ
368 2658 423 2719 μοι
433 2631 495 2720 την
504 2642 630 2719 γνῶσιν
640 2632 703 2720 τήν
715 2636 899 2720 γενομένην
908 2637 946 2703 ἐν
956 2631 1107 2721 ἀκροπό-

154 2735 218 2813 λει,
230 2731 285 2796 καί
295 2727 358 2815 τὴν
368 2737 553 2815 μαρτυρίαν
564 2740 632 2799 τοδν
643 2730 937 2816 παραγενομίνων,
951 2729 1003 2798 ὅτ’
1013 2728 1106 2818 ἠφίει

151 2832 222 2892 των
238 2828 450 2913 ἐγκλημάτων
466 2825 624 2895 ἁπάντων
639 2826 902 2914 Ἀπολλόδωρος,
925 2828 1106 2915 λαμβάνων

152 2930 251 2992 τοῦτο
262 2922 298 2993 τδ
310 2921 480 3011 άργύριον.

393 3082 581 3145 rivam.
614 3084 855 3146 MAPTTPIA.

110 3220 142 3276 17
234 3200 384 3272 Ἀκούετε
404 3214 462 3292 τῆς
482 3204 654 3292 γνύσεως,
677 3199 706 3275 οἳ
726 3205 847 3292 ἄνδρες
869 3208 1036 3294 δικασταί,
1059 3203 1107 3295 ἣν

148 3303 235 3384 ἔγνω
245 3309 398 3390 Δεινίας,
410 3294 454 3371 αδ
462 3301 524 3390 τὴν
533 3308 705 3391 θυγατέρα
715 3296 815 3383 οὗτος
825 3309 906 3391 ἔχει,
918 3306 975 3372 καί
983 3309 1105 3383 Νικίας

146 3391 166 3462 δ
185 3394 248 3484 τὴν
264 3395 414 3486 ἀδελφὴν
422 3408 480 3488 τῆς
490 3401 612 3469 τούτου
623 3402 783 3487 γυναικὸς
795 3407 887 3489 ἔχων.
919 3409 1023 3469 ταῦτα
1033 3408 1104 3469 τοί-
