2370 3854
208 230 335 294 ΠΡΟΣ
345 225 557 291 ΒΟΙΩΤΟΝ
568 224 678 287 ΠΕΡΙ
688 224 837 288 ΠΡΟΙΚ.
854 225 969 288 ΜΗΤ.
1006 223 1068 290 485

116 395 223 481 αύτην
241 396 337 479 δίκην
354 381 453 468 οὗτος
470 383 514 455 άυ
531 387 659 474 εἰλήφει
677 384 756 473 παρ’
777 389 860 473 ἐμοῦ
875 388 979 476 μηδὲν
995 385 1070 456 άδι-

115 501 255 572 κοῦντος
262 542 272 576 ,
292 487 336 577 ήν
354 485 447 574 ὑμεῐς
457 483 537 555 οὐδὲ
547 484 630 553 κατά
642 492 711 552 τῶν
721 481 761 552 τὰ
772 481 896 571 μέγιστ’
908 481 1069 555 άδικούν-

114 618 183 661 των
210 590 296 678 ὑμᾶς
317 582 549 676 ἐπιχειρήσαιτ’
571 579 615 652 άν
635 581 849 669 ποιήσασθαι.
889 587 945 652 ’ίνα
966 585 1003 653 δέ
1023 581 1068 674 μή

115 695 205 759 δοκεῖ
216 687 406 775 διαβάλλειν
415 679 537 766 αύτόν,
555 679 735 767 ἀνάγνωθί
742 707 798 767 μοι
808 679 866 760 τάς
876 687 1067 767 μαρτυρίας.

460 841 724 904 ΜΑΡΤῬΡΙΑΙ.

69 977 106 1032 34
201 947 627 1040 Τούτονμέντοίνυνούτω
637 947 1068 1037 μέγανκαίφοβερδνάγοδ-

113 1053 156 1121 νό
173 1079 229 1140 μοι
239 1049 301 1140 οὐχ
313 1047 357 1132 ὡς
368 1047 495 1139 εὐήθης
507 1045 572 1136 δν,
594 1045 668 1118 ἀλλ’
683 1045 727 1128 ὥς
738 1052 912 1137 ἐπίβουλος
922 1051 976 1117 καὶ
987 1076 1069 1118 κακ-

112 1159 235 1239 οῦργος
251 1151 502 1222 κατεσκεύασεν.
531 1145 613 1236 μετὰ
624 1146 660 1215 δὲ
674 1154 777 1214 ταῦτα
788 1145 861 1215 άντδ
872 1155 934 1214 τοῦ
943 1143 1069 1235 ὀνόμα-

112 1277 168 1329 τος
184 1243 228 1318 ού
244 1256 340 1319 ἔθετο
358 1245 450 1338 αύτῷ
460 1243 477 1316 δ
489 1243 597 1333 πατήρ
607 1241 774 1332 Βοιωτὸν,
797 1244 908 1332 ὥσπερ
919 1247 973 1315 καὶ
985 1244 1069 1334 πρὸς

112 1344 198 1433 ὑμᾶς
209 1345 470 1434 μεμαρτύρηται,
489 1344 599 1431 ἐπειδή
613 1347 738 1422 ἐκείνος
747 1343 953 1432 ἐτελεύτησε,
965 1353 1067 1414 Μαυ-

112 1452 229 1514 τίδεον
239 1442 359 1515 ἑαυτὸν
370 1444 538 1531 ἐγγράψας
548 1449 595 1524 είς
604 1439 684 1522 τούς
694 1441 853 1531 δημότας,
866 1445 993 1512 καὶτοῦ
1004 1443 1067 1512 αύ-

112 1552 175 1614 τοῦ
185 1547 256 1632 ἐμοὶ
266 1547 321 1614 καὶ
333 1540 457 1627 πατρὸς
467 1544 523 1611 καί
534 1541 642 1631 δήμου
653 1541 1001 1630 προσαγορευόμενος,
1024 1542 1066 1612 ού

112 1643 220 1730 μόνον
230 1641 294 1732 τήν
306 1646 403 1730 δίκην
413 1642 555 1731 ταύτην,
566 1646 642 1730 ιτερλ
652 1634 692 1730 ἧς
701 1643 779 1712 νυνί
789 1642 970 1729 δικάζομαι,
982 1638 1067 1711 άυά-

112 1747 209 1812 δικον
225 1747 395 1830 ἐποίησεν,
418 1738 502 1812 άλλά
519 1744 574 1813 καί
589 1741 892 1832 χειροτονησάντων
904 1741 1001 1830 ὑμῶν
1011 1743 1067 1829 ἐμὲ

111 1847 287 1929 ταξίαρχον
303 1833 386 1930 ήκεν
400 1839 501 1922 αὐτός
517 1844 569 1912 ἐπὶ
582 1840 620 1912 τδ
633 1843 846 1931 δικαστήριον
858 1848 1065 1932 δοκιμασθη-

111 1940 269 2028 σόμενος,
282 1943 378 2028 δίκην
389 1943 425 2010 δέ
435 1942 570 2030 ἐξούλης
582 1938 744 2031 όφληκδς
754 1943 880 2031 ταύτην
890 1940 953 2013 ούκ
967 1939 1067 2023 αύτός
1075 1942 1143 2001 1⁰19

66 2045 101 2102 85
112 2035 303 2127 ὠφληκέναι
313 2041 432 2129 φησὶν,
444 2040 521 2111 ἀλλ’
532 2046 596 2130 ἐμέ.
620 2040 665 2122 ὡς
676 2041 708 2111 δ’
720 2045 758 2112 ἐν
769 2050 937 2131 κεφαλαίῳ
950 2048 1065 2132 εἰπεῖν,

110 2137 197 2205 κακά
207 2162 264 2221 μοι
275 2139 429 2222 παρέχων
437 2138 609 2226 ήυάγκασέ
614 2166 656 2226 με
666 2149 777 2226 λαχεῖν
787 2138 875 2230 αύτῷ
885 2145 982 2226 δίκην
991 2143 1065 2229 περὶ

109 2238 171 2300 τοῦ
188 2229 351 2317 ὀνόματος
357 2282 367 2316 ,
391 2232 452 2320 οὐχ
466 2241 522 2303 ἵνα
537 2237 687 2323 χρήματα
703 2233 783 2324 παρ’
796 2237 901 2305 αὐτοῦ
910 2239 1019 2328 λάβω,
1039 2232 1067 2307 ὦ

110 2328 230 2413 ἄνδρες
252 2331 418 2415 δικασταὶ,
440 2329 585 2420 άλλ’ἵυ’,
606 2333 666 2404 ἐὰν
687 2332 765 2421 ὑμῖν
782 2339 871 2404 δοκιδ
887 2335 979 2405 δεινά
998 2338 1065 2407 τά·
1165 2413 1166 2416 ,

110 2449 203 2515 σχειν
219 2431 273 2497 καί
291 2428 499 2515 βλάπτεσθαι
509 2435 650 2520 μεγάλα,
673 2432 787 2502 οὑτοσί
808 2441 947 2521 καλῆται
956 2445 1064 2505 Βοιω-

109 2525 182 2612 τδς,
209 2524 319 2610 ὥσπερ
342 2524 486 2616 ὁτατήρ
503 2529 595 2620 αύτῷ
606 2539 712 2604 ἔθετο.
744 2531 796 2602 ότι
816 2541 933 2602 τοίνυν
952 2531 1064 2626 άληδή

110 2627 165 2695 καί
182 2632 286 2695 ταῦτα
303 2627 404 2712 λέγω,
425 2631 508 2715 λαβέ
522 2655 579 2714 μοι
596 2634 651 2700 καλ
668 2630 727 2711 τάς
745 2635 819 2720 περὶ
838 2633 968 2701 τούτων
977 2660 1063 2721 μαρ-
1152 2706 1156 2711 ,

110 2733 233 2809 τυρίας.

453 2819 718 2884 ΜΑΡΤἸῬΙΑΙ.

63 2959 97 3015 ³6
189 2945 283 3035 Πρός
300 2950 430 3031 τούτοις
446 2958 563 3021 τοίνυν
579 2953 634 3020 καὶ
653 2953 704 3022 ὅτι
721 2955 785 3041 ἐγοδ
801 2958 1062 3042 στρατευόμενος

105 3045 159 3112 καὶ
178 3045 259 3131 μετά
269 3045 432 3136 Ἀμεινίου
450 3050 684 3140 ξενολογήσας,
708 3053 855 3123 ἄλλοθέν
865 3079 901 3122 τε
911 3055 1060 3139 χρήματα

104 3141 293 3232 εύτορήοας
309 3151 365 3219 καί
375 3152 410 3218 ἐκ
421 3151 617 3241 Μυτιλήνης
629 3149 718 3236 παρά
729 3159 792 3222 τοῦ
803 3149 964 3240 ὑμετέρου
975 3177 1059 3240 προ-

103 3245 201 3323 ξένου
210 3246 454 3319 Ἀπολλωνίδου
472 3255 527 3322 καὶ
544 3251 634 3339 ταρδ
650 3261 719 3322 τῶν
737 3261 847 3340 φίλων
862 3259 920 3337 τής
932 3251 1059 3336 πόλεως

101 3343 216 3431 λαβὼν
236 3354 446 3434 τριακοσίους
466 3363 628 3444 στατῆρας
647 3361 810 3440 Φωκαεῖς,
832 3348 989 3436 ἀνήλωσα
1011 3359 1059 3434 είς

101 3442 179 3525 '⁰²33
189 3440 406 3540 θτοάτιύτας,
419 3456 476 3524 ἵνα
487 3462 603 3548 πρᾶξίς
614 3485 665 3540 τις
674 3460 847 3544 πραχθείη
853 3448 915 3515 ἐνδ
922 3440 1009 3522 WW
1020 3450 1086 3508 *Q
