2370 3854
129 207 191 271 138
345 212 428 269 XXII.
461 209 879 273 ΔΗΜΟΣΘΕΝΟΤΣ

127 370 305 454 τριάκοντα
327 367 489 456 δραχμάς,
512 371 567 437 καί
588 367 750 449 Θεόξενον
771 367 832 437 τόν
851 367 1084 460 Ἀλωπεκῆθεν

128 468 275 555 δραχμάς
285 468 512 555 ἑβδομήκοντα
523 468 578 535 καὶ
590 467 711 554 μικρόν
722 493 753 535 τι
764 465 857 552 πρός,
874 466 1000 538 καὶτὸν
1009 468 1083 538 Εὐ-

127 568 240 653 φήρου
250 566 482 651 Καλλικράτην
493 568 548 632 καί
556 563 617 633 τὸν
626 568 789 634 Τελέστου
801 573 995 635 νεανίσκον·
1017 567 1081 637 οὐκ

126 670 188 751 ἔχω
200 661 265 750 γὰρ
276 663 425 750 τοῦνομα
437 671 556 732 εἰπεῖν·
580 663 699 751 σχεδὸν
711 664 746 734 δὲ
759 664 901 754 πάντας,
921 661 981 746 οὓς
991 670 1080 736 εἰσέ-

127 767 268 850 πραξεν,
290 767 346 831 ἵνα
363 760 407 848 μή
426 759 501 830 καθ’
515 763 655 831 ἕκαστον
673 766 775 849 λέγω,
798 761 862 832 οὐκ
879 761 942 832 οἶδ’
956 773 992 832 εἰ
1004 791 1079 834 τινα

82 884 115 937 61
127 860 210 949 ὑπὲρ
221 871 311 948 μνᾶν
323 859 509 947 ὀφείλοντα.
538 859 644 948 πότερ’
659 854 723 929 οὖν
734 871 848 930 οἰεσθε
858 862 988 930 τούτων
998 863 1079 932 ἕκα-

126 983 205 1029 στον
216 973 324 1046 μισεῖν
341 962 397 1026 καί
407 969 563 1045 πολεμεῖν
575 958 664 1049 αὐτῷ
677 959 731 1028 ιίιόι
748 960 811 1046 τήν
822 958 1080 1047 εἰσφοράνταό-
1087 975 1118 1030 61

125 1086 201 1146 την,
224 1055 324 1145 ήτὸν
340 1054 539 1145 μὲναύτοῖν,
563 1055 614 1125 ὅτι
625 1059 761 1126 πάντων
772 1056 968 1128 άκονόντων
979 1055 1079 1145 ὑμεῖν

124 1159 218 1246 ἐντῷ
229 1155 322 1247 ἰήμφ
336 1160 460 1223 δοῦλον
479 1161 541 1242 ἔφη
552 1159 608 1225 καὶ
619 1161 654 1225 ἐκ
666 1157 800 1226 δούλων
810 1156 895 1226 εἰναι
905 1160 961 1226 καί
971 1179 1078 1241 προσ-

123 1256 219 1342 ήκειν
229 1254 321 1345 αὐτῷ
331 1251 368 1322 τὸ
381 1256 479 1323 ἕκτον
495 1259 593 1341 μέρος
611 1261 777 1342 εἰσφέρειν
789 1253 869 1343 μετὰ
884 1264 953 1323 των
967 1262 1079 1342 μετοί-

123 1381 204 1442 κων,
223 1360 269 1445 τῷ
281 1354 316 1422 δὲ
333 1358 451 1433 παῖδας
461 1358 497 1423 ἐκ
515 1353 640 1442 πόρνης
650 1355 745 1440 εἰναι,
762 1362 824 1425 τοῦ
834 1355 869 1423 δὲ
879 1353 941 1423 τόν
951 1363 1078 1440 πατέρα

123 1451 344 1540 ἡταιρηκέναι,
355 1462 417 1523 τοῦ
429 1453 464 1521 δέ
474 1452 536 1540 τήν
547 1456 671 1540 μητέρα
681 1460 949 1540 πεπορνεῦσθαι,
968 1451 1031 1520 τόν
1041 1452 1078 1521 δέ

125 1551 337 1636 ἀπογράφειν
348 1550 411 1619 ὅσα
429 1549 583 1638 ὑφείλετο
601 1556 633 1630 ἐξ
651 1550 768 1639 άρχής,
790 1550 851 1621 τόν
863 1552 898 1620 δὲ
915 1548 951 1619 τό
971 1555 1076 1636 δεῖνα,

80 1659 114 1713 62
123 1647 185 1718 τόν
195 1650 231 1719 δέ
242 1646 328 1736 ὁμοῦ
339 1647 421 1736 όητίι
433 1652 487 1716 καί
499 1647 625 1736 άρρητα
637 1650 733 1735 κακὰ,
741 1652 813 1737 ἑξῆς
824 1648 988 1733 άπαντας;
1011 1648 1077 1736 ἐμοὶ

124 1751 185 1836 μὲν
202 1747 267 1835 γάρ
287 1746 351 1816 οἷδ’
368 1745 420 1816 ὅτι
438 1748 573 1834 πάντες,
596 1756 642 1828 εἰς
658 1744 717 1828 οὓς
733 1747 948 1839 ἐπαρῴνησεν
965 1740 1077 1838 οὗτος,

124 1847 185 1934 τήν
202 1846 264 1934 μέν
282 1844 446 1933 εἰσφοράν
461 1848 598 1927 ἕκαστος
615 1847 799 1933 ἀναγκαῖον
815 1847 976 1936 ἀνάλωμα
992 1847 1077 1918 ὑπε-

124 1945 293 2032 λάμβανεν
303 1942 403 2029 εἰναι,
425 1952 561 2012 τοιαῦτα
579 1943 610 2012 δ’
624 1944 817 2032 άτιμασθείς
834 1951 890 2017 καί
903 1957 1077 2036 προπηλα-

124 2046 253 2121 κισθεὶς
261 2050 409 2129 χαλεπάς
418 2042 582 2129 ἐνήνοχεν.
615 2041 749 2115 κάκεῖνο
762 2045 852 2132 οἰδα,
864 2045 915 2114 ὅτι
924 2045 1076 2134 χρήματα

126 2141 330 2228 εἰσπράττειν
351 2149 473 2210 τοῦτον
495 2142 758 2232 ἐχειροτονήσαθ’
780 2143 889 2232 ὑμεῖς,
922 2141 996 2230 οὐχὶ
1016 2142 1076 2224 τὰς

123 2247 207 2321 ἰδίας
218 2239 393 2330 συμφοράς
405 2238 576 2325 ὀνειδίζειν
586 2247 641 2312 καὶ
657 2248 838 2332 προφέρειν
851 2245 987 2334 ἑκάστω.
1009 2253 1075 2312 εἴτε

121 2340 185 2429 γάρ
196 2334 283 2428 ἦσαν
293 2339 439 2430 ἀληθεῖς,
452 2341 494 2411 οὐ
506 2343 558 2411 σοί
568 2341 806 2431 ήητέαιμτολλόι
816 2341 880 2428 γάρ
892 2340 1074 2429 ἡμωνέκα-

123 2460 199 2518 στος
210 2439 272 2525 οὐχ
283 2438 493 2526 ὦςβοόλεται
511 2443 676 2526 πράττει)·
698 2452 762 2510 εἴτε
779 2441 823 2528 μή
840 2439 1075 2528 προσηκούσας

77 2559 113 2612 63
122 2539 365 2621 κατεσκεύαζες,
384 2546 452 2615 πῶς
463 2536 524 2622 οὐχ
535 2535 649 2606 ὁτιοῦν
661 2535 705 2606 άν
715 2538 839 2619 πάθοις
851 2544 1003 2620 ἰικαίωςς
1026 2544 1075 2607 ἔτι

120 2642 238 2704 τοίνυν
249 2638 285 2703 ἐκ
295 2632 388 2702 τοῦδ’
398 2633 634 2721 ἀκριβέστερον
644 2636 817 2722 γνώσεσθε
832 2636 883 2707 ὅτι
894 2651 986 2725 μισεῖ
992 2644 1074 2704 τοῦ·

121 2760 180 2802 τον
191 2736 328 2811 ἕκαστος
343 2731 383 2801 οό
397 2732 451 2800 διὰ
463 2734 525 2819 τήν
537 2739 716 2824 εἴσπραξιν,
735 2733 803 2805 ἀλλ’
817 2732 901 2823 ὑπὲρ
914 2727 963 2802 τόν
974 2731 1074 2821 ὑβρί-

122 2841 188 2915 σθη
208 2832 262 2898 καὶ
279 2831 491 2920 ἐπαρῳνήθη.
531 2832 685 2920 Σάτυρος
700 2837 765 2921 γάρ
790 2831 808 2902 ὁ
830 2840 898 2900 τῶν
921 2837 1073 2917 νεωρίων

120 2926 313 3015 ἐπιμελητής
330 2925 390 3015 οὐχ
408 2927 488 2997 έπτόι
503 2929 648 3000 τάλαντα
660 2937 852 3019 εἰσέπραξεν
866 2928 963 3016 ὑμῖν,
987 2927 1072 2999 ἀλλὰ

119 3031 255 3112 τέτταρα
270 3029 327 3095 καί
343 3028 519 3113 τριάκοντα
535 3027 615 3109 τοὺς
634 3028 758 3107 αὐτοὺς
773 3028 914 3108 τούτους
931 3026 1072 3112 ἀνθρά-

119 3150 212 3209 πονς,
219 3128 251 3206 ἐξ
264 3118 313 3194 οἶν
324 3127 493 3213 παρέθηκε
504 3128 543 3194 τὰ
552 3128 655 3214 σκεύη
661 3140 731 3202 ταῖς
742 3125 979 3203 ἐκπλευσάσαις
985 3151 1071 3191 ναν-

120 3229 188 3291 σίν·
209 3227 265 3293 καί
281 3221 355 3293 οὔτ’
369 3228 491 3306 ἐκεῖνος
510 3224 563 3294 διὰ
579 3233 684 3293 ταῦτα
701 3221 823 3291 οὐδένα
841 3222 967 3311 ἐχθρόν
978 3221 1071 3310 αὐτῷ

119 3323 222 3407 φησίν
238 3321 338 3410 εἰναι,
361 3323 437 3392 οὔτε
457 3333 526 3392 τῶν
542 3324 811 3409 εἰσπραχθέντων
828 3321 938 3402 οὐδεὶς
953 3324 1069 3411 έκείνφ

118 3429 261 3507 πολεμεῖ.
296 3422 445 3501 εἰκότως·
469 3419 635 3508 ὁμὲνχίιρ
646 3419 683 3489 τό
696 3425 1000 3508 προστεταγμένον,
1018 3418 1071 3486 οἰ-
