2370 3854
178 206 241 269 240
376 211 474 271 xxlv,
511 207 852 270 ΔΗΜΟΣΘΕΝΟ
862 211 930 270 ΥΣ

178 389 246 456 σει,
268 369 308 437 τά
331 366 645 456 προσκαταβλήματ’
658 367 884 456 ὀνομαζόμενα
911 370 965 437 διδ
986 368 1047 439 τόν
1070 376 1133 438 τοῦ

136 466 287 555 98νόμου
308 469 431 536 τούτου
453 468 563 556 φόβον
591 468 839 554 καταβάλλεται.
883 476 953 546 πῶς
979 461 1042 536 οὑν
1070 466 1133 558 οὑχ

179 564 299 635 ἅπαντ’
314 563 443 654 ἀνάγκη
453 573 685 653 καταλυθῆναι
701 567 742 634 τά
756 575 815 652 τής
832 568 972 654 πόλεως,
997 566 1080 636 ὅταν
1098 573 1136 637 αἱ

179 667 240 754 μὲν
250 674 318 735 τῶν
329 673 435 734 τελῶν
445 667 625 754 καταβολαὶ
635 662 680 751 μή
695 667 806 734 ἱκαναὶ
825 657 886 733 ῶσι
901 675 943 753 τή
959 665 1131 753 διοικήσει,

178 763 246 835 ἀλλ’
261 769 358 854 ἐνδέῃ
370 773 515 852 πολλῶν,
532 767 588 834 καὶ
599 770 681 851 μηδὲ
692 773 796 832 ταῦτα
807 762 876 832 ἄλλ’
887 760 910 850 ή
921 767 996 848 περὶ
1006 765 1133 852 λήγον-

176 893 218 933 τα
237 864 299 935 τόν
319 864 475 934 ἐνιαυτόν
496 857 519 952 ή
539 872 665 951 λαβεῖν,
688 862 728 931 τά
751 863 787 932 δὲ
809 862 1132 951 προσκαταβλήματα

177 963 257 1043 τούς
266 961 312 1050 μή
323 968 477 1043 τιθέντας
487 962 531 1049 μή
544 968 644 1046 κυρία
654 955 677 1049 ή
687 961 708 1049 ή
719 959 915 1050 βουλήμηδδ
925 960 964 1029 τά
973 962 1132 1047 δικαστή-

178 1089 234 1147 ρια
246 1066 354 1149 δήσαι,
373 1060 457 1132 ἄλλά
467 1069 675 1131 καθιστῶσιν
684 1059 844 1149 ἐγγυητάς
855 1061 931 1149 άχρι
941 1069 1000 1150 τῆς
1016 1060 1133 1147 ἐνάτης

133 1169 391 1250 99πρυτανείας;
412 1158 473 1240 τάς
488 1158 520 1229 δ’
540 1158 626 1229 όκτῶ
648 1167 684 1228 τί
699 1161 897 1248 ποιήσομεν;
916 1162 1002 1245 εἰπὲ,
1028 1160 1133 1245 Τιμό·

176 1286 309 1349 κρατες·
345 1258 387 1328 οὑ
404 1259 546 1348 σόνιμεν
561 1262 617 1329 καλ
633 1261 904 1347 βουλευσόμεθα,
931 1260 991 1328 ἐάν
1005 1285 1037 1329 τι
1055 1261 1132 1346 δέης

178 1357 235 1429 εἰτ’
248 1365 296 1427 ἔτι
314 1359 651 1447 δημοκρατησόμεθα;
673 1357 716 1429 οὗ
732 1362 859 1429 δικάσει
875 1359 916 1429 τά
935 1358 1132 1446 δικαστήρια

176 1457 216 1527 τά
227 1485 263 1527 τε
275 1463 342 1527 ἴδια
352 1460 408 1526 καὶ
418 1455 458 1526 τά
471 1459 627 1546 δημόσιος
639 1462 695 1529 καὶ
704 1468 753 1539 τίς
765 1458 905 1545 ὑπάρξει
914 1474 982 1539 τοῖς
992 1455 1133 1527 άδικου-

177 1562 289 1644 μένοις
299 1555 484 1645 άσφάλειας
511 1556 575 1626 οὐκ
593 1569 730 1627 εἴσεισιν
745 1557 766 1645 ή
780 1556 885 1647 βουλή
903 1559 958 1626 καὶ
971 1556 1133 1645 διοικήσει

177 1655 218 1724 τά
229 1661 266 1726 ἐκ
277 1665 345 1724 τῶν
355 1656 487 1742 νόμωνς
504 1659 559 1724 καὶ
570 1664 605 1725 τί
611 1655 731 1727 λοιπόν
741 1654 811 1726 ἔσθ’
823 1654 905 1744 ήμῑν
915 1654 984 1725 ἄλλ’
995 1650 1018 1742 ή
1028 1682 1133 1724 κατα-

178 1757 356 1838 λελόσθαι;
375 1754 458 1824 άλλά
476 1756 519 1842 νή
530 1754 586 1825 Δί’
600 1754 720 1843 άμισθλ
737 1765 841 1824 ταῦτα
857 1755 1056 1843 ποιήσομεν;
1073 1758 1131 1823 καὶ

178 1863 249 1934 πῶς
259 1853 300 1922 οὑ
313 1855 425 1924 δεινὸν
431 1907 441 1940 ,
465 1862 496 1924 εδ
505 1854 764 1942 διάτόννόμον,
784 1853 825 1925 δν
843 1855 886 1924 οὑ
903 1858 1056 1934 τέθεικας
1073 1880 1132 1941 μι-

179 1952 265 2022 σθόυ
276 1954 406 2042 λαβῶν,
427 1952 570 2041 άμισθος
586 1952 604 2022 ὁ
624 1961 727 2042 δήμος
738 1955 793 2023 καὶ
808 1951 947 2043 ήβουλή
960 1949 1066 2021 καὶτὰ
1078 1957 1133 2020 δι-

118 2067 170 2119 100
178 2053 338 2142 καστήρια
350 2059 455 2133 ἕσται;
470 2062 555 2140 χρήν
566 2053 631 2142 γάρ
642 2053 742 2122 τοῦτό
754 2055 794 2139 γέ
803 2075 856 2140 σε,
875 2045 903 2121 ῶ
917 2052 1131 2139 Τιμόκρατες,

179 2150 392 2239 προσγράψαι
401 2161 448 2244 τῷ
459 2152 662 2243 νόμφ,όπερ
673 2158 792 2233 ἐποίεις
803 2151 886 2222 κατά
897 2161 966 2220 τῶν
975 2157 1134 2220 τελωνῶν

179 2255 234 2320 καὶ
244 2258 313 2320 τῶν
323 2256 505 2340 ἐγγυητῶν,
514 2249 590 2320 “nal
602 2260 633 2321 εἰ
640 2251 723 2320 κατά
733 2279 835 2321 τινων
845 2256 882 2320 ἐν
893 2251 982 2341 άλλφ
993 2252 1059 2319 τινὶ
1070 2249 1133 2318 νό-

173 2348 247 2440 “μφ
258 2346 281 2436 ή
290 2356 476 2438 ψηφίσματι
486 2351 544 2431 τάς
561 2350 664 2430 αὑτάς
681 2362 807 2438 εἴρηται
822 2350 956 2435 πράξεις
969 2341 1017 2417 ῶν
1034 2347 1134 2435 ὀφεί-

174 2445 315 2514 “λουσιυ
327 2448 421 2533 εἶναι,
431 2445 472 2530 ῶς
481 2451 555 2534 περὶ
566 2458 633 2518 τῶν
644 2458 814 2537 τελωνῶν,
832 2451 888 2519 καὶ
905 2445 989 2518 κατά
1000 2447 1134 2517 τούτων

175 2543 282 2613 “alvan
303 2546 362 2625 τάς
385 2547 519 2631 πράξεις
539 2545 622 2615 κατὰ
644 2546 724 2626 τοὺς
744 2546 955 2636 ὑπάρχοντας
975 2544 1130 2635 νόμους.”

118 2659 168 2711 101
178 2653 244 2714 νῦν
256 2646 292 2714 δὲ
308 2645 422 2736 κὺκλφ
440 2646 578 2733 φεάγων
594 2645 674 2725 τοὺς
685 2647 810 2733 νόμους
825 2644 905 2726 τοὺς
918 2643 1132 2733 τελωνικοὺς,
1142 2662 1175 2719 73

178 2741 229 2812 ότι
245 2742 282 2811 τό
299 2743 455 2831 ψήφισμα
473 2745 511 2812 τό
522 2742 740 2832 Εὐκτήμονος
757 2756 868 2833 εἴρηκε
884 2746 1041 2832 πράττειν
1050 2744 1133 2825 τούς

179 2839 375 2929 ὠφληκότας
392 2841 475 2910 κατά
496 2844 638 2923 τούτους
653 2843 733 2923 τούς
748 2844 891 2930 νόμους,
914 2843 969 2912 διά
979 2840 1073 2912 ταῦτ’
1087 2844 1132 2914 οὑ

177 2946 387 3029 προσέγραψε
399 2949 507 3011 τοῦτο.
540 2945 578 3011 ἐκ
596 2944 632 3012 δὲ
648 2942 770 3011 τούτου
781 2950 843 3011 τοὺ
858 2941 986 3030 τρόπον
995 2941 1058 3029 τήν
1067 2944 1132 3029 μὲν

177 3039 395 3130 ὑπάρχουσαν
406 3048 566 3129 τιμωρίαν
582 3042 686 3121 λόσας
703 3038 787 3109 κατά
798 3049 867 3109 τῶν
882 3039 922 3108 τά
934 3049 992 3127 τής
1002 3040 1133 3121 πόλεως

177 3141 331 3229 ἐχόντων,
340 3145 456 3230 ἑτέραν
467 3140 500 3211 δ’
510 3141 552 3210 οὐ
563 3140 781 3228 προσγράψας
791 3142 900 3209 πάντα
913 3137 954 3208 τά
967 3138 1129 3225 πράγματ’

176 3237 320 3327 άναιρεϊ,
333 3246 450 3328 δήμου,
463 3245 580 3320 ἱππέας
587 3292 597 3325 ‚
608 3238 748 3330 βουλήν,
762 3237 851 3327 ιἐρά,
864 3238 955 3307 ὅσια·
978 3236 1055 3307 ἄνθ’
1068 3229 1130 3327 ῶν,

175 3335 283 3422 όνπερ
294 3336 403 3425 ὑμεῖς,
417 3333 445 3407 ῶ
454 3336 771 3425 άνδρεςἈθηναλοι,
795 3346 1008 3426 σωφρονῆτε,
1026 3344 1132 3407 κολα-
