2370 3854
260 210 403 273 ΚΑΤΑ
423 170 886 275 Ανικνοανκτουε.
984 214 1046 278 ιιι

90 371 152 440 ε’ἀν
162 377 212 448 τίς
222 394 253 438 τι
262 371 318 437 καὶ
327 367 423 457 ἡμῶν
433 378 540 457 οἰηται
552 369 721 438 δύνασθαι
729 382 864 458 ποιησαι
875 373 937 462 τὴν
948 376 1047 445 πόλιν

91 467 233 557 ἀγαθόν.
267 465 411 554 οἰήσεται
430 465 473 554 δ’,
500 467 559 536 ἐάν
575 468 620 556 μὴ
631 469 776 555 χαλεπὸν
788 470 872 540 εἰναι
883 475 1045 564 νομίξητό

64 567 172 656 5παρ’
185 566 266 655 ὑμῖν
277 567 383 653 λόγου
393 583 513 653 τυχεῖν.
539 575 605 635 νῦν
616 571 653 638 δὲ
663 577 798 649 πολλοῖς
807 578 906 640 τοῦτο
918 581 1048 661 φοβου-

90 671 213 756 μένοις,
226 669 335 753 λέγειυ
346 666 408 753 μὲν
418 676 498 746 ίσως
508 666 549 735 οά
561 671 693 755 δεινοῖς,
705 675 851 757 βελτίοσι
862 670 898 738 δὲ
910 669 1048 759 ἀνθρῶ-

90 793 166 847 ποις
176 775 247 834 τῶν
262 771 401 852 δεινῶν,
424 763 504 836 οὐδὲ
515 782 653 835 σκοπεῖν
664 771 832 855 ἐπέρχεται
842 777 911 838 τῶν
922 781 1047 840 κοινῶν

91 866 202 935 οὐδέν.
236 864 301 951 ἕγῶ
320 873 407 952 γοῦν
425 865 554 953 (ὀμνύω
571 864 650 946 τους
658 868 762 946 θεοὺς
773 866 934 954 ἅπαντας)
953 867 1048 938 ἀπῶ-

91 964 189 1053 κνησ’
204 962 264 1052 ἀν,
286 959 326 1034 εὖ
337 976 423 1052 ἰστε,
435 967 488 1035 καί
501 963 603 1046 αὐτὸς
612 964 674 1053 τὴν
684 964 820 1053 γραφὴν
830 968 954 1055 ταύτην
965 967 1048 1035 ἀπε-

92 1081 241 1152 νεγκεῖν,
265 1071 296 1134 εἰ
308 1064 353 1152 μή
370 1063 463 1133 τιάνυ
480 1071 549 1133 τῶν
564 1071 710 1152 αἰσχρῶν
721 1065 875 1152 ἐνόμιζον
887 1064 1047 1135 εἶναινῦν

91 1168 153 1251 μὲν
168 1161 311 1251 ἡσυχίαν
327 1161 421 1248 ἀγειν
437 1165 492 1231 καί
510 1172 689 1250 σιωπῆσαι,
711 1163 837 1251 πρᾶγμ’
858 1164 1047 1244 ἀλυσιτελὲς

91 1271 131 1354 τῇ
152 1264 247 1331 πόλει
267 1263 570 1344 κατασκευάζοντας
592 1259 683 1348 ὁρῶν
709 1259 802 1341 τινάς
829 1261 1045 1349 ἀνθρώπους,

90 1362 257 1451 πρότερον
274 1360 319 1448 δ’,
343 1359 393 1430 ὅτ’
414 1366 558 1429 ἔπλευσα
568 1368 776 1446 τριηραρχῶν
789 1367 834 1439 εἰς
842 1362 1044 1449 Ἑλλήσπον-

90 1488 167 1547 τον,
191 1466 295 1529 εἰπεῖν
305 1462 360 1527 καί
372 1465 599 1545 κατηγορῆσαί
606 1484 724 1542 τινων,
747 1453 805 1537 οὓς
816 1457 945 1529 ἀδικεῖν
957 1460 1045 1548 ὑμᾶς

91 1559 254 1648 ἀκούειν.

65 1683 82 1735 5
179 1657 252 1727 Οὐκ
264 1656 378 1744 ἀγνοῶ
387 1657 450 1745 μὲν
460 1650 523 1726 οὖν
534 1655 585 1725 ὅτι
594 1654 653 1724 τὸν
664 1663 858 1744 Χαρίδημον
868 1656 1044 1745 εὐεργέτην

93 1759 181 1829 εἰναί
187 1785 276 1838 τινες
285 1766 344 1845 τῆς
354 1757 482 1837 πόλεως
493 1766 635 1826 οἰονται·
658 1753 722 1842 ἐγῶ
734 1759 771 1824 δὲ
782 1756 827 1824 ἀν
838 1780 916 1842 περ,
930 1755 1045 1845 ἀβού-
1054 1771 1106 1826 623

94 1863 194 1944 λομαί
207 1883 242 1925 τε
259 1859 315 1925 καί
332 1856 405 1925 οἰδα
421 1857 637 1944 πεπραγμένα
654 1859 786 1946 ἰκείνφ,
810 1860 951 1942 δυνηθῶ
962 1855 1046 1942 πρὸς

93 1955 180 2042 ὑμᾶς
197 1962 315 2043 εἰπεῖν,
343 1952 436 2039 οἶμαι
465 1960 582 2037 δείξειν
599 1953 641 2023 οὐ
655 1956 765 2042 μόνον
782 1954 844 2024 οὐκ
856 1954 1043 2042 εὐεργέτην,

91 2053 175 2124 ἀλλά
185 2059 239 2124 καί
247 2055 517 2124 κακονούστατον
525 2053 719 2138 ἀνθρώπων
728 2053 885 2123 ἀπάντων
893 2059 948 2123 καί
957 2053 1044 2124 πολδ

67 2154 250 2238 γτάναντία
266 2149 289 2239 ἢ
305 2162 475 2240 προσῆκεν
494 2151 750 2238 ἀπειλημμένον.
786 2160 816 2220 εἰ
832 2155 894 2238 μὲν
913 2146 992 2235 οὖν,
1017 2144 1044 2219 ῶ

91 2254 212 2339 ἀνδρες
220 2250 405 2337 Ἀθηναῖοι,
428 2259 526 2318 τοῦτο
537 2253 693 2335 μέγιστον
700 2249 953 2334 Ἀριστοκράτης
968 2247 1043 2333 ἠδί-

92 2372 153 2434 κει,
165 2348 202 2416 τὸ
213 2348 379 2430 τοιούτου,
392 2345 464 2415 οἷον
474 2348 539 2432 ίγῶ
551 2373 636 2432 φημι
649 2351 768 2427 δείξειν
778 2344 838 2414 τὸν
849 2351 1043 2433 Χαρίδημον
1134 2425 1136 2429 ¹

92 2448 183 2531 ὅντα,
190 2446 356 2534 τοσαύτην
367 2444 570 2534 πεποιῆσθαι
580 2445 743 2532 πρόνοιαν
754 2448 792 2513 ἐν
802 2452 849 2534 τῷ
859 2451 1045 2532 ψηφίσματι

94 2547 178 2616 ῶστε
189 2551 277 2616 ἰδίαν
290 2545 379 2634 παρά
390 2543 469 2626 τούς
485 2546 626 2632 νόμους,
649 2543 692 2612 ἀν
708 2569 739 2611 τι
754 2542 867 2630 πάθη,
884 2551 1045 2629 τιμωρίαν

93 2645 185 2736 αὐτῷ
203 2649 397 2732 δεδωκέναι,
418 2643 513 2714 ταῦτ’
529 2641 572 2713 ἀν
583 2643 647 2733 ἤδη
659 2647 768 2730 λέγειν
778 2644 861 2727 πρὸς
871 2641 958 2729 ὑμᾶς
968 2647 1045 2731 ἐπε-

91 2754 242 2833 χείρουν,
264 2745 309 2814 ἵν’
329 2751 436 2830 εἰδῆτε
447 2752 576 2815 πολλοῦ
586 2750 657 2813 δεῖν
668 2743 760 2825 ἀξιον
772 2740 854 2810 ὅντα
864 2756 974 2828 τυχεῖν
984 2751 1045 2809 τοῦ

93 2851 301 2930 ψηφίσματος
313 2842 419 2912 αὐτὸν
428 2850 571 2913 τουτουί.
593 2845 670 2911 νυνὶ
682 2841 709 2911 δ’
717 2845 830 2925 ἕτερον
841 2840 963 2908 τούτου
974 2856 1047 2927 μεῖ-

94 2949 150 3024 ζον
162 2941 216 3009 διά
227 2950 289 3009 τοῦ
301 2951 512 3030 ψηφίσματος
523 2941 590 3010 ἔστ’
604 2943 764 3029 ἀδίκημα,
789 2937 873 3008 δδεῖ
881 2939 1045 3024 πρότερον

92 3045 147 3109 καί
158 3049 281 3127 μαθεῖν
291 3038 377 3128 ὑμᾶς
387 3044 442 3111 καί
453 3041 675 3129 φυλάξασθαι.

65 3177 83 3228 g
173 3138 314 3224 Ἀνάγκη
327 3139 360 3206 δ’
372 3141 439 3208 ἐστὶ
449 3149 583 3227 πρῶτον
593 3140 752 3209 ἁπάντων
763 3145 867 3208 εἰπεῖν
878 3138 933 3205 καί
944 3139 1046 3216 δεῖξαι

92 3246 125 3314 τί
138 3236 212 3305 ποτ’
231 3239 300 3305 ε’στί
315 3236 353 3305 τὸ
371 3240 588 3327 Χερρόνησον
605 3236 691 3324 ὑμᾶς
707 3238 865 3324 ἀσφαλῶς
880 3242 967 3322 ἔχειν
984 3261 1026 3304 πε

91 3339 243 3423 ποιητός·
267 3335 321 3404 διά
332 3335 397 3424 γάρ
409 3345 471 3406 του
482 3348 605 3425 μαθεῖν
614 3345 714 3406 τοῦτο
733 3340 788 3406 καὶ
803 3333 967 3422 τάδίκημα
983 3357 1045 3403 σα-

92 3444 163 3517 φῶς
175 3435 311 3516 ὅψεσθε.
346 3442 414 3504 ἔστι
424 3443 556 3525 τοίνυν,
576 3429 928 3561 ῶάυδρεςἏθηναῖρι,
945 3443 1044 3503 τοῦτο

839 3537 877 3589 m
