<?xml version="1.0" encoding="UTF-8"?>
<!DOCTYPE html PUBLIC "-//W3C//DTD XHTML 1.0 Transitional//EN"
    "http://www.w3.org/TR/xhtml1/DTD/xhtml1-transitional.dtd">
<html xmlns="http://www.w3.org/1999/xhtml" xml:lang="en" lang="en">
 <head>
  <title>
</title>
<meta http-equiv="Content-Type" content="text/html;charset=utf-8" />
  <meta name='ocr-system' content='tesseract 3.04.00' />
  <meta name='ocr-capabilities' content='ocr_page ocr_carea ocr_par ocr_line ocrx_word'/>
</head>
<body>
  <div class='ocr_page' id='page_1' title='image "./orationesexrece01demogoog_0138.png"; bbox 0 0 2370 3854; ppageno 0'>
   <div class='ocr_carea' id='block_1_1' title="bbox 289 232 1050 301">
    <p class='ocr_par' dir='ltr' id='par_1_1' title="bbox 289 193 1050 301">
     <span class='ocr_line' id='line_1_1' title="bbox 289 232 1050 301; baseline 0.012 -9"><span class='ocrx_word' id='word_1_1' title='bbox 289 233 430 293; x_wconf 73' lang='grc' dir='ltr'><em>ΚΑΤΑ</em></span> <span class='ocrx_word' id='word_1_2' title='bbox 452 232 857 297; x_wconf 78' lang='grc' dir='ltr'><strong><em>ΑΝΔνοΤιιεΝοΣ.</em></strong></span> <span class='ocrx_word' id='word_1_3' title='bbox 987 235 1050 301; x_wconf 77' lang='lat'><strong><em>129</em></strong></span> 
     </span>
    </p>
   </div>
   <div class='ocr_carea' id='block_1_2' title="bbox 49 389 1107 3437">
    <p class='ocr_par' dir='ltr' id='par_1_2' title="bbox 49 389 1107 3437">
     <span class='ocr_line' id='line_1_2' title="bbox 97 389 1047 481; baseline 0.005 -21"><span class='ocrx_word' id='word_1_4' title='bbox 97 392 179 479; x_wconf 76' lang='grc' dir='ltr'><strong><em>όέετο</em></strong></span> <span class='ocrx_word' id='word_1_5' title='bbox 189 396 315 479; x_wconf 90' lang='grc' dir='ltr'><strong><em>μηδένα</em></strong></span> <span class='ocrx_word' id='word_1_6' title='bbox 326 389 582 476; x_wconf 78' lang='grc' dir='ltr'><strong><em>ἀποστερεῖσθαι</em></strong></span> <span class='ocrx_word' id='word_1_7' title='bbox 592 400 654 460; x_wconf 84' lang='grc' dir='ltr'><strong><em>τοῦ</em></strong></span> <span class='ocrx_word' id='word_1_8' title='bbox 665 397 756 479; x_wconf 98' lang='grc' dir='ltr'><strong><em>δίκης</em></strong></span> <span class='ocrx_word' id='word_1_9' title='bbox 768 409 894 481; x_wconf 81' lang='grc' dir='ltr'><em>τυχεῖν,</em></span> <span class='ocrx_word' id='word_1_10' title='bbox 913 389 958 476; x_wconf 81' lang='grc' dir='ltr'><strong><em>οἷις</em></strong></span> <span class='ocrx_word' id='word_1_11' title='bbox 969 395 1047 465; x_wconf 78' lang='grc' dir='ltr'><strong><em>ἕκα-</em></strong></span> 
     </span>
     <span class='ocr_line' id='line_1_3' title="bbox 97 484 1047 576; baseline 0.003 -15"><span class='ocrx_word' id='word_1_12' title='bbox 97 513 174 573; x_wconf 87' lang='grc' dir='ltr'><strong><em>στος</em></strong></span> <span class='ocrx_word' id='word_1_13' title='bbox 185 493 334 561; x_wconf 89' lang='grc' dir='ltr'><strong><em>δύναται.</em></strong></span> <span class='ocrx_word' id='word_1_14' title='bbox 357 499 428 570; x_wconf 79' lang='grc' dir='ltr'><strong><em>παῖς</em></strong></span> <span class='ocrx_word' id='word_1_15' title='bbox 441 484 503 558; x_wconf 81' lang='grc' dir='ltr'><strong><em>οὖν</em></strong></span> <span class='ocrx_word' id='word_1_16' title='bbox 515 496 605 559; x_wconf 80' lang='grc' dir='ltr'><strong><em>ἔσται</em></strong></span> <span class='ocrx_word' id='word_1_17' title='bbox 614 500 727 572; x_wconf 73' lang='grc' dir='ltr'><strong><em>τοῦπος</em></strong></span> <span class='ocrx_word' id='word_1_18' title='bbox 744 491 802 560; x_wconf 84' lang='grc' dir='ltr'><strong><em>έάν</em></strong></span> <span class='ocrx_word' id='word_1_19' title='bbox 812 492 936 574; x_wconf 82' lang='grc' dir='ltr'><strong><em>πολλάς</em></strong></span> <span class='ocrx_word' id='word_1_20' title='bbox 947 489 1047 576; x_wconf 85' lang='grc' dir='ltr'><strong><em>ὁδούς</em></strong></span> 
     </span>
     <span class='ocr_line' id='line_1_4' title="bbox 97 586 1047 682; baseline 0.002 -23"><span class='ocrx_word' id='word_1_21' title='bbox 97 597 146 682; x_wconf 70' lang='grc' dir='ltr'><strong><em>δῷ</em></strong></span> <span class='ocrx_word' id='word_1_22' title='bbox 157 591 210 660; x_wconf 83' lang='grc' dir='ltr'><strong><em>διδ</em></strong></span> <span class='ocrx_word' id='word_1_23' title='bbox 221 599 289 659; x_wconf 75' lang='grc' dir='ltr'><strong><em>τῶν</em></strong></span> <span class='ocrx_word' id='word_1_24' title='bbox 299 590 415 675; x_wconf 89' lang='grc' dir='ltr'><strong><em>νόμων</em></strong></span> <span class='ocrx_word' id='word_1_25' title='bbox 427 592 480 658; x_wconf 80' lang='grc' dir='ltr'><strong><em>ἐπὶ</em></strong></span> <span class='ocrx_word' id='word_1_26' title='bbox 490 586 569 668; x_wconf 85' lang='grc' dir='ltr'><strong><em>τούς</em></strong></span> <span class='ocrx_word' id='word_1_27' title='bbox 578 587 792 676; x_wconf 77' lang='grc' dir='ltr'><strong><em>ἠδικηκότας,</em></strong></span> <span class='ocrx_word' id='word_1_28' title='bbox 810 586 883 659; x_wconf 85' lang='grc' dir='ltr'><strong><em>οἷον</em></strong></span> <span class='ocrx_word' id='word_1_29' title='bbox 899 599 957 678; x_wconf 83' lang='grc' dir='ltr'><strong><em>τῆς</em></strong></span> <span class='ocrx_word' id='word_1_30' title='bbox 966 602 1047 661; x_wconf 87' lang='grc' dir='ltr'><strong><em>κλο-</em></strong></span> 
     </span>
     <span class='ocr_line' id='line_1_5' title="bbox 96 689 1048 779; baseline 0.002 -22"><span class='ocrx_word' id='word_1_31' title='bbox 96 699 169 777; x_wconf 75' lang='grc' dir='ltr'><strong><em>πῆς.</em></strong></span> <span class='ocrx_word' id='word_1_32' title='bbox 202 695 346 777; x_wconf 82' lang='grc' dir='ltr'><strong><em>ἔρρωσαι</em></strong></span> <span class='ocrx_word' id='word_1_33' title='bbox 356 690 412 756; x_wconf 80' lang='grc' dir='ltr'><strong><em>καί</em></strong></span> <span class='ocrx_word' id='word_1_34' title='bbox 423 695 534 779; x_wconf 77' lang='grc' dir='ltr'><strong><em>σαυτῷ</em></strong></span> <span class='ocrx_word' id='word_1_35' title='bbox 546 689 727 768; x_wconf 79' lang='grc' dir='ltr'><strong><em>πιστεύεις·</em></strong></span> <span class='ocrx_word' id='word_1_36' title='bbox 746 690 867 776; x_wconf 77' lang='grc' dir='ltr'><strong><em>ἄπαγε·</em></strong></span> <span class='ocrx_word' id='word_1_37' title='bbox 884 694 922 759; x_wconf 85' lang='grc' dir='ltr'><strong><em>ἐν</em></strong></span> <span class='ocrx_word' id='word_1_38' title='bbox 932 699 1048 777; x_wconf 77' lang='grc' dir='ltr'><strong><em>χιλίαις</em></strong></span> 
     </span>
     <span class='ocr_line' id='line_1_6' title="bbox 97 786 1046 877; baseline 0.003 -21"><span class='ocrx_word' id='word_1_39' title='bbox 97 787 155 856; x_wconf 80' lang='grc' dir='ltr'><strong><em>δ’ὁ</em></strong></span> <span class='ocrx_word' id='word_1_40' title='bbox 167 794 332 868; x_wconf 91' lang='grc' dir='ltr'><strong><em>κίνδυνος.</em></strong></span> <span class='ocrx_word' id='word_1_41' title='bbox 356 786 594 875; x_wconf 74' lang='grc' dir='ltr'><strong><em>ἀσθενέστερος</em></strong></span> <span class='ocrx_word' id='word_1_42' title='bbox 605 787 649 857; x_wconf 85' lang='grc' dir='ltr'><strong><em>εί·</em></strong></span> <span class='ocrx_word' id='word_1_43' title='bbox 659 803 727 868; x_wconf 87' lang='grc' dir='ltr'><strong><em>τοῖς</em></strong></span> <span class='ocrx_word' id='word_1_44' title='bbox 738 787 898 876; x_wconf 86' lang='grc' dir='ltr'><strong><em>άρχουσιν</em></strong></span> <span class='ocrx_word' id='word_1_45' title='bbox 909 793 1046 877; x_wconf 81' lang='grc' dir='ltr'><em>ἐφηγοῦ·</em></span> 
     </span>
     <span class='ocr_line' id='line_1_7' title="bbox 95 887 1046 976; baseline 0.003 -22"><span class='ocrx_word' id='word_1_46' title='bbox 95 895 194 955; x_wconf 86' lang='grc' dir='ltr'><strong><em>τούτο</em></strong></span> <span class='ocrx_word' id='word_1_47' title='bbox 212 887 411 973; x_wconf 81' lang='grc' dir='ltr'><strong><em>ποιήσουσιν</em></strong></span> <span class='ocrx_word' id='word_1_48' title='bbox 424 890 553 956; x_wconf 81' lang='grc' dir='ltr'><strong><em>ἐκεῖνοι.</em></strong></span> <span class='ocrx_word' id='word_1_49' title='bbox 584 895 685 975; x_wconf 82' lang='grc' dir='ltr'><strong><em>φοβεῖ</em></strong></span> <span class='ocrx_word' id='word_1_50' title='bbox 698 891 878 957; x_wconf 79' lang='grc' dir='ltr'><strong><em>καὶτοῦτο·</em></strong></span> <span class='ocrx_word' id='word_1_51' title='bbox 901 891 1046 976; x_wconf 78' lang='grc' dir='ltr'><strong><em>γράφου.</em></strong></span> 
     </span>
     <span class='ocr_line' id='line_1_8' title="bbox 50 983 1047 1076; baseline 0.002 -22"><span class='ocrx_word' id='word_1_52' title='bbox 50 1002 85 1057; x_wconf 79' lang='lat'><strong><em>27</em></strong></span> <span class='ocrx_word' id='word_1_53' title='bbox 98 988 302 1072; x_wconf 75' lang='grc' dir='ltr'><strong><em>καταμέμφει</em></strong></span> <span class='ocrx_word' id='word_1_54' title='bbox 314 983 457 1055; x_wconf 82' lang='grc' dir='ltr'><strong><em>σεαυτὸν</em></strong></span> <span class='ocrx_word' id='word_1_55' title='bbox 467 987 523 1054; x_wconf 76' lang='grc' dir='ltr'><strong><em>καί</em></strong></span> <span class='ocrx_word' id='word_1_56' title='bbox 538 991 642 1074; x_wconf 90' lang='grc' dir='ltr'><strong><em>πένης</em></strong></span> <span class='ocrx_word' id='word_1_57' title='bbox 654 983 702 1055; x_wconf 77' lang='grc' dir='ltr'><strong><em>οδν</em></strong></span> <span class='ocrx_word' id='word_1_58' title='bbox 711 984 776 1056; x_wconf 89' lang='grc' dir='ltr'><strong><em>ούιι</em></strong></span> <span class='ocrx_word' id='word_1_59' title='bbox 793 985 837 1057; x_wconf 84' lang='grc' dir='ltr'><strong><em>άν</em></strong></span> <span class='ocrx_word' id='word_1_60' title='bbox 848 995 933 1076; x_wconf 80' lang='grc' dir='ltr'><strong><em>ἔχοις</em></strong></span> <span class='ocrx_word' id='word_1_61' title='bbox 944 997 1047 1076; x_wconf 90' lang='grc' dir='ltr'><strong><em>χιλίας</em></strong></span> 
     </span>
     <span class='ocr_line' id='line_1_9' title="bbox 97 1083 1047 1172; baseline 0.002 -18"><span class='ocrx_word' id='word_1_62' title='bbox 97 1090 237 1154; x_wconf 75' lang='grc' dir='ltr'><strong><em>ἐκτῖσαι·</em></strong></span> <span class='ocrx_word' id='word_1_63' title='bbox 261 1085 396 1167; x_wconf 75' lang='grc' dir='ltr'><strong><em>δικάζου</em></strong></span> <span class='ocrx_word' id='word_1_64' title='bbox 412 1083 632 1172; x_wconf 78' lang='grc' dir='ltr'><strong><em>κλοπηςπρδς</em></strong></span> <span class='ocrx_word' id='word_1_65' title='bbox 643 1087 829 1172; x_wconf 71' lang='grc' dir='ltr'><strong><em>διαιτητὴν,</em></strong></span> <span class='ocrx_word' id='word_1_66' title='bbox 850 1088 907 1156; x_wconf 78' lang='grc' dir='ltr'><strong><em>καὶ</em></strong></span> <span class='ocrx_word' id='word_1_67' title='bbox 919 1086 961 1154; x_wconf 88' lang='grc' dir='ltr'><strong><em>ού</em></strong></span> <span class='ocrx_word' id='word_1_68' title='bbox 972 1115 1047 1156; x_wconf 91' lang='grc' dir='ltr'><strong><em>κιν-</em></strong></span> 
     </span>
     <span class='ocr_line' id='line_1_10' title="bbox 97 1182 1047 1274; baseline 0.003 -23"><span class='ocrx_word' id='word_1_69' title='bbox 97 1183 275 1263; x_wconf 89' lang='grc' dir='ltr'><strong><em>δυνεύσεις.</em></strong></span> <span class='ocrx_word' id='word_1_70' title='bbox 309 1183 439 1251; x_wconf 92' lang='grc' dir='ltr'><strong><em>τούτων</em></strong></span> <span class='ocrx_word' id='word_1_71' title='bbox 448 1183 550 1253; x_wconf 79' lang='grc' dir='ltr'><strong><em>οὐδέν</em></strong></span> <span class='ocrx_word' id='word_1_72' title='bbox 565 1187 635 1253; x_wconf 78' lang='grc' dir='ltr'><strong><em>ἐστι</em></strong></span> <span class='ocrx_word' id='word_1_73' title='bbox 651 1182 688 1252; x_wconf 90' lang='grc' dir='ltr'><strong><em>τδ</em></strong></span> <span class='ocrx_word' id='word_1_74' title='bbox 702 1182 794 1253; x_wconf 89' lang='grc' dir='ltr'><strong><em>αύτό.</em></strong></span> <span class='ocrx_word' id='word_1_75' title='bbox 827 1194 885 1271; x_wconf 78' lang='grc' dir='ltr'><strong><em>τῆς</em></strong></span> <span class='ocrx_word' id='word_1_76' title='bbox 896 1183 1047 1274; x_wconf 81' lang='grc' dir='ltr'><strong><em>ἀσεβείας</em></strong></span> 
     </span>
     <span class='ocr_line' id='line_1_11' title="bbox 96 1279 1046 1372; baseline 0.001 -22"><span class='ocrx_word' id='word_1_77' title='bbox 96 1281 178 1350; x_wconf 83' lang='grc' dir='ltr'><strong><em>κατά</em></strong></span> <span class='ocrx_word' id='word_1_78' title='bbox 200 1279 303 1349; x_wconf 83' lang='grc' dir='ltr'><strong><em>ταύτὰ</em></strong></span> <span class='ocrx_word' id='word_1_79' title='bbox 326 1287 416 1350; x_wconf 79' lang='grc' dir='ltr'><strong><em>ἔστιν</em></strong></span> <span class='ocrx_word' id='word_1_80' title='bbox 437 1281 594 1369; x_wconf 88' lang='grc' dir='ltr'><strong><em>άπάγειν,</em></strong></span> <span class='ocrx_word' id='word_1_81' title='bbox 617 1282 825 1372; x_wconf 76' lang='grc' dir='ltr'><strong><em>γράφεσθαι,</em></strong></span> <span class='ocrx_word' id='word_1_82' title='bbox 854 1286 1046 1367; x_wconf 76' lang='grc' dir='ltr'><strong><em>δικάζεσθαι</em></strong></span> 
     </span>
     <span class='ocr_line' id='line_1_12' title="bbox 96 1377 1046 1470; baseline 0.003 -22"><span class='ocrx_word' id='word_1_83' title='bbox 96 1379 179 1466; x_wconf 82' lang='grc' dir='ltr'><strong><em>πρὸς</em></strong></span> <span class='ocrx_word' id='word_1_84' title='bbox 200 1378 431 1466; x_wconf 77' lang='grc' dir='ltr'><strong><em>Εὐμολπίδας,</em></strong></span> <span class='ocrx_word' id='word_1_85' title='bbox 454 1380 593 1465; x_wconf 76' lang='grc' dir='ltr'><strong><em>φράζειν</em></strong></span> <span class='ocrx_word' id='word_1_86' title='bbox 614 1377 698 1465; x_wconf 85' lang='grc' dir='ltr'><strong><em>πρός</em></strong></span> <span class='ocrx_word' id='word_1_87' title='bbox 713 1378 774 1450; x_wconf 86' lang='grc' dir='ltr'><strong><em>τὸν</em></strong></span> <span class='ocrx_word' id='word_1_88' title='bbox 791 1387 938 1470; x_wconf 83' lang='grc' dir='ltr'><strong><em>βασιλέα.</em></strong></span> <span class='ocrx_word' id='word_1_89' title='bbox 970 1384 1046 1468; x_wconf 77' lang='grc' dir='ltr'><strong><em>περὶ</em></strong></span> 
     </span>
     <span class='ocr_line' id='line_1_13' title="bbox 51 1475 1046 1567; baseline 0.004 -24"><span class='ocrx_word' id='word_1_90' title='bbox 51 1493 87 1548; x_wconf 73' lang='lat'><strong><em>28</em></strong></span> <span class='ocrx_word' id='word_1_91' title='bbox 94 1487 163 1546; x_wconf 78' lang='grc' dir='ltr'><strong><em>τῶν</em></strong></span> <span class='ocrx_word' id='word_1_92' title='bbox 174 1477 286 1545; x_wconf 87' lang='grc' dir='ltr'><strong><em>άλλων</em></strong></span> <span class='ocrx_word' id='word_1_93' title='bbox 297 1476 456 1546; x_wconf 81' lang='grc' dir='ltr'><strong><em>ἁπάντων</em></strong></span> <span class='ocrx_word' id='word_1_94' title='bbox 464 1475 525 1546; x_wconf 85' lang='grc' dir='ltr'><strong><em>τόν</em></strong></span> <span class='ocrx_word' id='word_1_95' title='bbox 543 1475 648 1546; x_wconf 85' lang='grc' dir='ltr'><strong><em>αύτδν</em></strong></span> <span class='ocrx_word' id='word_1_96' title='bbox 662 1479 791 1564; x_wconf 89' lang='grc' dir='ltr'><strong><em>τρόπον</em></strong></span> <span class='ocrx_word' id='word_1_97' title='bbox 801 1479 929 1565; x_wconf 90' lang='grc' dir='ltr'><strong><em>σχεδόν.</em></strong></span> <span class='ocrx_word' id='word_1_98' title='bbox 964 1486 995 1548; x_wconf 89' lang='grc' dir='ltr'><strong><em>εί</em></strong></span> <span class='ocrx_word' id='word_1_99' title='bbox 1004 1479 1046 1567; x_wconf 83' lang='grc' dir='ltr'><strong><em>δή</em></strong></span> 
     </span>
     <span class='ocr_line' id='line_1_14' title="bbox 94 1573 1107 1664; baseline 0.004 -20"><span class='ocrx_word' id='word_1_100' title='bbox 94 1605 142 1656; x_wconf 92' lang='grc' dir='ltr'><strong><em>τις</em></strong></span> <span class='ocrx_word' id='word_1_101' title='bbox 153 1574 198 1655; x_wconf 78' lang='grc' dir='ltr'><strong><em>ως</em></strong></span> <span class='ocrx_word' id='word_1_102' title='bbox 208 1577 269 1663; x_wconf 75' lang='grc' dir='ltr'><strong><em>μὲν</em></strong></span> <span class='ocrx_word' id='word_1_103' title='bbox 281 1575 354 1662; x_wconf 80' lang='grc' dir='ltr'><strong><em>ούχὶ</em></strong></span> <span class='ocrx_word' id='word_1_104' title='bbox 364 1577 553 1664; x_wconf 76' lang='grc' dir='ltr'><strong><em>κακοῦργός</em></strong></span> <span class='ocrx_word' id='word_1_105' title='bbox 564 1580 633 1646; x_wconf 79' lang='grc' dir='ltr'><strong><em>ἐστι</em></strong></span> <span class='ocrx_word' id='word_1_106' title='bbox 643 1573 827 1664; x_wconf 72' lang='grc' dir='ltr'><strong><em>μηλέγοι,η’</em></strong></span> <span class='ocrx_word' id='word_1_107' title='bbox 839 1573 882 1657; x_wconf 74' lang='grc' dir='ltr'><strong><em>ὡς</em></strong></span> <span class='ocrx_word' id='word_1_108' title='bbox 893 1575 955 1646; x_wconf 87' lang='grc' dir='ltr'><strong><em>ούιι</em></strong></span> <span class='ocrx_word' id='word_1_109' title='bbox 967 1575 1107 1648; x_wconf 71' lang='grc' dir='ltr'><strong><em>οἶσε-601</em></strong></span> 
     </span>
     <span class='ocr_line' id='line_1_15' title="bbox 93 1670 1047 1764; baseline 0.004 -23"><span class='ocrx_word' id='word_1_110' title='bbox 93 1674 165 1763; x_wconf 78' lang='grc' dir='ltr'><strong><em>βης,</em></strong></span> <span class='ocrx_word' id='word_1_111' title='bbox 178 1670 201 1761; x_wconf 78' lang='grc' dir='ltr'><em>ἢ</em></span> <span class='ocrx_word' id='word_1_112' title='bbox 210 1674 231 1742; x_wconf 86' lang='grc' dir='ltr'><strong><em>ό</em></strong></span> <span class='ocrx_word' id='word_1_113' title='bbox 240 1701 273 1742; x_wconf 92' lang='grc' dir='ltr'><strong><em>τι</em></strong></span> <span class='ocrx_word' id='word_1_114' title='bbox 287 1673 404 1762; x_wconf 80' lang='grc' dir='ltr'><strong><em>δήποτ’</em></strong></span> <span class='ocrx_word' id='word_1_115' title='bbox 422 1686 473 1762; x_wconf 86' lang='grc' dir='ltr'><strong><em>είη</em></strong></span> <span class='ocrx_word' id='word_1_116' title='bbox 488 1676 525 1744; x_wconf 89' lang='grc' dir='ltr'><strong><em>δι’</em></strong></span> <span class='ocrx_word' id='word_1_117' title='bbox 540 1674 560 1744; x_wconf 84' lang='grc' dir='ltr'><strong><em>ό</em></strong></span> <span class='ocrx_word' id='word_1_118' title='bbox 576 1682 739 1764; x_wconf 83' lang='grc' dir='ltr'><strong><em>κρίνοιτο,</em></strong></span> <span class='ocrx_word' id='word_1_119' title='bbox 758 1674 813 1745; x_wconf 81' lang='grc' dir='ltr'><strong><em>διά</em></strong></span> <span class='ocrx_word' id='word_1_120' title='bbox 831 1685 935 1745; x_wconf 81' lang='grc' dir='ltr'><strong><em>ταῦτα</em></strong></span> <span class='ocrx_word' id='word_1_121' title='bbox 946 1675 980 1745; x_wconf 91' lang='grc' dir='ltr'><strong><em>δ’</em></strong></span> <span class='ocrx_word' id='word_1_122' title='bbox 991 1681 1047 1746; x_wconf 87' lang='grc' dir='ltr'><strong><em>έκ-</em></strong></span> 
     </span>
     <span class='ocr_line' id='line_1_16' title="bbox 94 1772 1047 1862; baseline 0 -20"><span class='ocrx_word' id='word_1_123' title='bbox 94 1774 234 1860; x_wconf 75' lang='grc' dir='ltr'><strong><em>φεύγειν</em></strong></span> <span class='ocrx_word' id='word_1_124' title='bbox 244 1772 360 1861; x_wconf 82' lang='grc' dir='ltr'><strong><em>άξιοίη,</em></strong></span> <span class='ocrx_word' id='word_1_125' title='bbox 374 1781 405 1845; x_wconf 93' lang='grc' dir='ltr'><strong><em>εί</em></strong></span> <span class='ocrx_word' id='word_1_126' title='bbox 414 1778 475 1862; x_wconf 75' lang='grc' dir='ltr'><strong><em>μέν</em></strong></span> <span class='ocrx_word' id='word_1_127' title='bbox 486 1774 674 1862; x_wconf 79' lang='grc' dir='ltr'><strong><em>ἀπηγμένος</em></strong></span> <span class='ocrx_word' id='word_1_128' title='bbox 685 1785 734 1862; x_wconf 82' lang='grc' dir='ltr'><strong><em>είη</em></strong></span> <span class='ocrx_word' id='word_1_129' title='bbox 742 1825 752 1859; x_wconf 91' lang='grc'><strong><em>,</em></strong></span> <span class='ocrx_word' id='word_1_130' title='bbox 773 1775 856 1845; x_wconf 90' lang='grc' dir='ltr'><strong><em>διότι</em></strong></span> <span class='ocrx_word' id='word_1_131' title='bbox 866 1773 949 1861; x_wconf 80' lang='grc' dir='ltr'><strong><em>πρὸς</em></strong></span> <span class='ocrx_word' id='word_1_132' title='bbox 960 1779 1047 1843; x_wconf 89' lang='grc' dir='ltr'><strong><em>διαι-</em></strong></span> 
     </span>
     <span class='ocr_line' id='line_1_17' title="bbox 93 1871 1047 1964; baseline 0.002 -23"><span class='ocrx_word' id='word_1_133' title='bbox 93 1872 195 1961; x_wconf 80' lang='grc' dir='ltr'><strong><em>τητην</em></strong></span> <span class='ocrx_word' id='word_1_134' title='bbox 205 1877 282 1961; x_wconf 83' lang='grc' dir='ltr'><strong><em>έξῆν</em></strong></span> <span class='ocrx_word' id='word_1_135' title='bbox 293 1873 504 1964; x_wconf 71' lang='grc' dir='ltr'><strong><em>αὐτῷλαχεῖν</em></strong></span> <span class='ocrx_word' id='word_1_136' title='bbox 512 1876 568 1943; x_wconf 78' lang='grc' dir='ltr'><strong><em>καλ</em></strong></span> <span class='ocrx_word' id='word_1_137' title='bbox 576 1871 768 1960; x_wconf 84' lang='grc' dir='ltr'><strong><em>γράφεσθαι</em></strong></span> <span class='ocrx_word' id='word_1_138' title='bbox 776 1881 871 1961; x_wconf 79' lang='grc' dir='ltr'><strong><em>χρῆν,</em></strong></span> <span class='ocrx_word' id='word_1_139' title='bbox 880 1873 953 1943; x_wconf 77' lang='grc' dir='ltr'><strong><em>είδὲ</em></strong></span> <span class='ocrx_word' id='word_1_140' title='bbox 963 1872 1047 1960; x_wconf 85' lang='grc' dir='ltr'><strong><em>πρός</em></strong></span> 
     </span>
     <span class='ocr_line' id='line_1_18' title="bbox 95 1968 1046 2061; baseline 0.001 -22"><span class='ocrx_word' id='word_1_141' title='bbox 95 1978 243 2061; x_wconf 80' lang='grc' dir='ltr'><strong><em>διαιτητῇ</em></strong></span> <span class='ocrx_word' id='word_1_142' title='bbox 254 1973 385 2059; x_wconf 83' lang='grc' dir='ltr'><strong><em>φεύγοι,</em></strong></span> <span class='ocrx_word' id='word_1_143' title='bbox 397 1971 450 2041; x_wconf 84' lang='grc' dir='ltr'><strong><em>ὅτι</em></strong></span> <span class='ocrx_word' id='word_1_144' title='bbox 465 1980 550 2060; x_wconf 77' lang='grc' dir='ltr'><strong><em>χρῆν</em></strong></span> <span class='ocrx_word' id='word_1_145' title='bbox 563 1993 600 2040; x_wconf 89' lang='grc' dir='ltr'><strong><em>σε</em></strong></span> <span class='ocrx_word' id='word_1_146' title='bbox 611 1971 763 2058; x_wconf 87' lang='grc' dir='ltr'><strong><em>άπάγειν,</em></strong></span> <span class='ocrx_word' id='word_1_147' title='bbox 782 1968 822 2039; x_wconf 76' lang='grc' dir='ltr'><strong><em>ἵν’</em></strong></span> <span class='ocrx_word' id='word_1_148' title='bbox 835 1970 1046 2051; x_wconf 84' lang='grc' dir='ltr'><strong><em>ἐκινδύνευες</em></strong></span> 
     </span>
     <span class='ocr_line' id='line_1_19' title="bbox 93 2067 1045 2158; baseline 0 -20"><span class='ocrx_word' id='word_1_149' title='bbox 93 2075 169 2156; x_wconf 76' lang='grc' dir='ltr'><strong><em>περὶ</em></strong></span> <span class='ocrx_word' id='word_1_150' title='bbox 185 2081 316 2158; x_wconf 79' lang='grc' dir='ltr'><strong><em>χιλιῶν,</em></strong></span> <span class='ocrx_word' id='word_1_151' title='bbox 333 2075 438 2156; x_wconf 89' lang='grc' dir='ltr'><strong><em>γέλως</em></strong></span> <span class='ocrx_word' id='word_1_152' title='bbox 452 2067 498 2139; x_wconf 86' lang='grc' dir='ltr'><strong><em>άν</em></strong></span> <span class='ocrx_word' id='word_1_153' title='bbox 511 2080 560 2157; x_wconf 84' lang='grc' dir='ltr'><strong><em>είη</em></strong></span> <span class='ocrx_word' id='word_1_154' title='bbox 579 2070 761 2157; x_wconf 86' lang='grc' dir='ltr'><strong><em>δήπουθεν.</em></strong></span> <span class='ocrx_word' id='word_1_155' title='bbox 795 2067 837 2136; x_wconf 90' lang='grc' dir='ltr'><strong><em>ού</em></strong></span> <span class='ocrx_word' id='word_1_156' title='bbox 853 2068 918 2155; x_wconf 83' lang='grc' dir='ltr'><strong><em>γάρ</em></strong></span> <span class='ocrx_word' id='word_1_157' title='bbox 935 2069 997 2137; x_wconf 88' lang='grc' dir='ltr'><strong><em>τόν</em></strong></span> <span class='ocrx_word' id='word_1_158' title='bbox 1006 2096 1045 2154; x_wconf 90' lang='grc' dir='ltr'><strong><em>γε</em></strong></span> 
     </span>
     <span class='ocr_line' id='line_1_20' title="bbox 93 2164 1046 2258; baseline -0.004 -20"><span class='ocrx_word' id='word_1_159' title='bbox 93 2169 197 2257; x_wconf 77' lang='grc' dir='ltr'><strong><em>μηδὲν</em></strong></span> <span class='ocrx_word' id='word_1_160' title='bbox 207 2169 410 2256; x_wconf 85' lang='grc' dir='ltr'><strong><em>πεποιηκότα</em></strong></span> <span class='ocrx_word' id='word_1_161' title='bbox 422 2174 474 2238; x_wconf 93' lang='grc' dir='ltr'><strong><em>δεῖ</em></strong></span> <span class='ocrx_word' id='word_1_162' title='bbox 487 2171 564 2257; x_wconf 81' lang='grc' dir='ltr'><strong><em>περὶ</em></strong></span> <span class='ocrx_word' id='word_1_163' title='bbox 574 2177 636 2237; x_wconf 85' lang='grc' dir='ltr'><strong><em>τού</em></strong></span> <span class='ocrx_word' id='word_1_164' title='bbox 645 2168 773 2258; x_wconf 89' lang='grc' dir='ltr'><strong><em>τρόπον</em></strong></span> <span class='ocrx_word' id='word_1_165' title='bbox 787 2164 903 2236; x_wconf 83' lang='grc' dir='ltr'><strong><em>ὅντινα</em></strong></span> <span class='ocrx_word' id='word_1_166' title='bbox 919 2168 980 2252; x_wconf 80' lang='grc' dir='ltr'><strong><em>χρη</em></strong></span> <span class='ocrx_word' id='word_1_167' title='bbox 993 2172 1046 2234; x_wconf 86' lang='grc' dir='ltr'><strong><em>δι-</em></strong></span> 
     </span>
     <span class='ocr_line' id='line_1_21' title="bbox 94 2265 1045 2356; baseline -0.006 -18"><span class='ocrx_word' id='word_1_168' title='bbox 94 2272 191 2338; x_wconf 92' lang='grc' dir='ltr'><strong><em>δόναι</em></strong></span> <span class='ocrx_word' id='word_1_169' title='bbox 202 2275 299 2356; x_wconf 91' lang='grc' dir='ltr'><strong><em>δίκην</em></strong></span> <span class='ocrx_word' id='word_1_170' title='bbox 311 2269 514 2354; x_wconf 80' lang='grc' dir='ltr'><strong><em>ἀντιλέγειν,</em></strong></span> <span class='ocrx_word' id='word_1_171' title='bbox 535 2265 602 2335; x_wconf 86' lang='grc' dir='ltr'><strong><em>ἀλλ’</em></strong></span> <span class='ocrx_word' id='word_1_172' title='bbox 617 2265 661 2347; x_wconf 79' lang='grc' dir='ltr'><strong><em>ὡς</em></strong></span> <span class='ocrx_word' id='word_1_173' title='bbox 678 2265 721 2334; x_wconf 84' lang='grc' dir='ltr'><strong><em>ού</em></strong></span> <span class='ocrx_word' id='word_1_174' title='bbox 732 2273 912 2351; x_wconf 89' lang='grc' dir='ltr'><strong><em>πεποίηκεν</em></strong></span> <span class='ocrx_word' id='word_1_175' title='bbox 923 2269 1045 2332; x_wconf 84' lang='grc' dir='ltr'><strong><em>ἐπιδει-</em></strong></span> 
     </span>
     <span class='ocr_line' id='line_1_22' title="bbox 49 2361 1043 2451; baseline -0.008 -14"><span class='ocrx_word' id='word_1_176' title='bbox 49 2367 223 2439; x_wconf 70' lang='grc' dir='ltr'><strong><em>29κνύναι.</em></strong></span> <span class='ocrx_word' id='word_1_177' title='bbox 254 2365 315 2433; x_wconf 82' lang='grc' dir='ltr'><strong><em>τὸν</em></strong></span> <span class='ocrx_word' id='word_1_178' title='bbox 326 2364 430 2432; x_wconf 82' lang='grc' dir='ltr'><strong><em>αὐτὸν</em></strong></span> <span class='ocrx_word' id='word_1_179' title='bbox 443 2362 483 2451; x_wconf 77' lang='grc' dir='ltr'><strong><em>δὴ</em></strong></span> <span class='ocrx_word' id='word_1_180' title='bbox 496 2365 632 2451; x_wconf 90' lang='grc' dir='ltr'><strong><em>τρόπον,</em></strong></span> <span class='ocrx_word' id='word_1_181' title='bbox 645 2362 856 2449; x_wconf 70' lang='grc' dir='ltr'><strong><em>Ἀνδροτίων,</em></strong></span> <span class='ocrx_word' id='word_1_182' title='bbox 874 2365 929 2430; x_wconf 78' lang='grc' dir='ltr'><strong><em>καὶ</em></strong></span> <span class='ocrx_word' id='word_1_183' title='bbox 941 2361 984 2429; x_wconf 83' lang='grc' dir='ltr'><strong><em>σύ</em></strong></span> <span class='ocrx_word' id='word_1_184' title='bbox 998 2361 1043 2449; x_wconf 79' lang='grc' dir='ltr'><strong><em>μὴ</em></strong></span> 
     </span>
     <span class='ocr_line' id='line_1_23' title="bbox 94 2460 1044 2550; baseline -0.005 -16"><span class='ocrx_word' id='word_1_185' title='bbox 94 2465 148 2534; x_wconf 87' lang='grc' dir='ltr'><strong><em>διά</em></strong></span> <span class='ocrx_word' id='word_1_186' title='bbox 158 2473 263 2534; x_wconf 79' lang='grc' dir='ltr'><strong><em>ταῦτα</em></strong></span> <span class='ocrx_word' id='word_1_187' title='bbox 274 2476 349 2534; x_wconf 87' lang='grc' dir='ltr'><strong><em>οίου</em></strong></span> <span class='ocrx_word' id='word_1_188' title='bbox 359 2484 412 2534; x_wconf 93' lang='grc' dir='ltr'><strong><em>σοι</em></strong></span> <span class='ocrx_word' id='word_1_189' title='bbox 422 2464 605 2550; x_wconf 78' lang='grc' dir='ltr'><strong><em>προσήκειν</em></strong></span> <span class='ocrx_word' id='word_1_190' title='bbox 615 2460 659 2550; x_wconf 80' lang='grc' dir='ltr'><strong><em>μὴ</em></strong></span> <span class='ocrx_word' id='word_1_191' title='bbox 673 2467 791 2531; x_wconf 84' lang='grc' dir='ltr'><strong><em>δοῦναι</em></strong></span> <span class='ocrx_word' id='word_1_192' title='bbox 801 2465 908 2548; x_wconf 90' lang='grc' dir='ltr'><strong><em>δίκην,</em></strong></span> <span class='ocrx_word' id='word_1_193' title='bbox 921 2465 951 2529; x_wconf 90' lang='grc' dir='ltr'><strong><em>εί</em></strong></span> <span class='ocrx_word' id='word_1_194' title='bbox 958 2463 1044 2548; x_wconf 92' lang='grc' dir='ltr'><strong><em>γρά-</em></strong></span> 
     </span>
     <span class='ocr_line' id='line_1_24' title="bbox 91 2558 1040 2652; baseline -0.004 -19"><span class='ocrx_word' id='word_1_195' title='bbox 91 2591 165 2652; x_wconf 84' lang='grc' dir='ltr'><strong><em>φεις</em></strong></span> <span class='ocrx_word' id='word_1_196' title='bbox 180 2563 384 2652; x_wconf 73' lang='grc' dir='ltr'><strong><em>ἡταιρηκιδς,</em></strong></span> <span class='ocrx_word' id='word_1_197' title='bbox 408 2563 460 2632; x_wconf 86' lang='grc' dir='ltr'><strong><em>ότι</em></strong></span> <span class='ocrx_word' id='word_1_198' title='bbox 476 2569 531 2632; x_wconf 78' lang='grc' dir='ltr'><strong><em>καὶ</em></strong></span> <span class='ocrx_word' id='word_1_199' title='bbox 549 2561 634 2648; x_wconf 83' lang='grc' dir='ltr'><strong><em>πρὸς</em></strong></span> <span class='ocrx_word' id='word_1_200' title='bbox 650 2558 729 2640; x_wconf 86' lang='grc' dir='ltr'><strong><em>τούς</em></strong></span> <span class='ocrx_word' id='word_1_201' title='bbox 743 2564 953 2649; x_wconf 81' lang='grc' dir='ltr'><strong><em>θεσμοθέτας</em></strong></span> <span class='ocrx_word' id='word_1_202' title='bbox 970 2559 1040 2629; x_wconf 74' lang='grc' dir='ltr'><strong><em>ἔσθ’</em></strong></span> 
     </span>
     <span class='ocr_line' id='line_1_25' title="bbox 90 2657 1042 2751; baseline -0.003 -19"><span class='ocrx_word' id='word_1_203' title='bbox 90 2663 170 2751; x_wconf 80' lang='grc' dir='ltr'><strong><em>ἡμῖν</em></strong></span> <span class='ocrx_word' id='word_1_204' title='bbox 187 2667 378 2749; x_wconf 78' lang='grc' dir='ltr'><strong><em>ἐπαγγελία·</em></strong></span> <span class='ocrx_word' id='word_1_205' title='bbox 403 2660 471 2730; x_wconf 79' lang='grc' dir='ltr'><strong><em>ἀλλ’</em></strong></span> <span class='ocrx_word' id='word_1_206' title='bbox 490 2657 514 2749; x_wconf 75' lang='grc' dir='ltr'><strong><em>ἦ</em></strong></span> <span class='ocrx_word' id='word_1_207' title='bbox 535 2667 643 2741; x_wconf 83' lang='grc' dir='ltr'><strong><em>δεῖξον</em></strong></span> <span class='ocrx_word' id='word_1_208' title='bbox 661 2659 703 2728; x_wconf 86' lang='grc' dir='ltr'><strong><em>ού</em></strong></span> <span class='ocrx_word' id='word_1_209' title='bbox 719 2660 922 2747; x_wconf 91' lang='grc' dir='ltr'><strong><em>πεποιηκότα</em></strong></span> <span class='ocrx_word' id='word_1_210' title='bbox 938 2668 1042 2729; x_wconf 83' lang='grc' dir='ltr'><strong><em>ταῦτα</em></strong></span> 
     </span>
     <span class='ocr_line' id='line_1_26' title="bbox 92 2752 1042 2848; baseline -0.001 -19"><span class='ocrx_word' id='word_1_211' title='bbox 92 2759 251 2845; x_wconf 85' lang='grc' dir='ltr'><strong><em>σεαυτόν,</em></strong></span> <span class='ocrx_word' id='word_1_212' title='bbox 270 2758 292 2848; x_wconf 71' lang='grc' dir='ltr'><strong><em>γ’γ’</em></strong></span> <span class='ocrx_word' id='word_1_213' title='bbox 309 2766 406 2848; x_wconf 92' lang='grc' dir='ltr'><strong><em>δίκην</em></strong></span> <span class='ocrx_word' id='word_1_214' title='bbox 418 2760 519 2847; x_wconf 80' lang='grc' dir='ltr'><strong><em>ὕπεχε</em></strong></span> <span class='ocrx_word' id='word_1_215' title='bbox 530 2752 579 2829; x_wconf 71' lang='grc' dir='ltr'><strong><em>τόν</em></strong></span> <span class='ocrx_word' id='word_1_216' title='bbox 595 2759 765 2847; x_wconf 91' lang='grc' dir='ltr'><strong><em>γέγραφάς</em></strong></span> <span class='ocrx_word' id='word_1_217' title='bbox 775 2788 806 2828; x_wconf 90' lang='grc' dir='ltr'><strong><em>τι</em></strong></span> <span class='ocrx_word' id='word_1_218' title='bbox 816 2768 966 2839; x_wconf 79' lang='grc' dir='ltr'><strong><em>τοιοῦτος</em></strong></span> <span class='ocrx_word' id='word_1_219' title='bbox 978 2759 1042 2828; x_wconf 74' lang='grc' dir='ltr'><strong><em>ὤν’</em></strong></span> 
     </span>
     <span class='ocr_line' id='line_1_27' title="bbox 93 2858 1044 2946; baseline 0 -20"><span class='ocrx_word' id='word_1_220' title='bbox 93 2859 135 2926; x_wconf 86' lang='grc' dir='ltr'><strong><em>ού</em></strong></span> <span class='ocrx_word' id='word_1_221' title='bbox 146 2859 209 2944; x_wconf 85' lang='grc' dir='ltr'><strong><em>γάρ</em></strong></span> <span class='ocrx_word' id='word_1_222' title='bbox 222 2865 326 2939; x_wconf 79' lang='grc' dir='ltr'><strong><em>ἔξεστί</em></strong></span> <span class='ocrx_word' id='word_1_223' title='bbox 333 2880 394 2928; x_wconf 90' lang='grc' dir='ltr'><strong><em>σοι.</em></strong></span> <span class='ocrx_word' id='word_1_224' title='bbox 426 2866 457 2929; x_wconf 90' lang='grc' dir='ltr'><strong><em>εί</em></strong></span> <span class='ocrx_word' id='word_1_225' title='bbox 468 2861 507 2928; x_wconf 88' lang='grc' dir='ltr'><strong><em>δέ</em></strong></span> <span class='ocrx_word' id='word_1_226' title='bbox 516 2879 553 2926; x_wconf 91' lang='grc' dir='ltr'><strong><em>σε</em></strong></span> <span class='ocrx_word' id='word_1_227' title='bbox 564 2859 607 2946; x_wconf 81' lang='grc' dir='ltr'><strong><em>μη</em></strong></span> <span class='ocrx_word' id='word_1_228' title='bbox 622 2860 763 2946; x_wconf 89' lang='grc' dir='ltr'><strong><em>πάντας,</em></strong></span> <span class='ocrx_word' id='word_1_229' title='bbox 786 2858 886 2938; x_wconf 83' lang='grc' dir='ltr'><strong><em>ὅσους</em></strong></span> <span class='ocrx_word' id='word_1_230' title='bbox 904 2861 938 2927; x_wconf 87' lang='grc' dir='ltr'><strong><em>οί</em></strong></span> <span class='ocrx_word' id='word_1_231' title='bbox 946 2859 1044 2946; x_wconf 90' lang='grc' dir='ltr'><strong><em>νόμοι</em></strong></span> 
     </span>
     <span class='ocr_line' id='line_1_28' title="bbox 94 2948 1043 3045; baseline -0.001 -21"><span class='ocrx_word' id='word_1_232' title='bbox 94 2957 233 3043; x_wconf 90' lang='grc' dir='ltr'><strong><em>διδόασι,</em></strong></span> <span class='ocrx_word' id='word_1_233' title='bbox 245 2958 391 3040; x_wconf 90' lang='grc' dir='ltr'><strong><em>τρόπους</em></strong></span> <span class='ocrx_word' id='word_1_234' title='bbox 400 2959 653 3045; x_wconf 88' lang='grc' dir='ltr'><strong><em>τιμωρούμεθα,</em></strong></span> <span class='ocrx_word' id='word_1_235' title='bbox 669 2957 767 3045; x_wconf 92' lang='grc' dir='ltr'><strong><em>χάριν</em></strong></span> <span class='ocrx_word' id='word_1_236' title='bbox 783 2956 863 3044; x_wconf 79' lang='grc' dir='ltr'><strong><em>ἡμῖν</em></strong></span> <span class='ocrx_word' id='word_1_237' title='bbox 875 2948 924 3024; x_wconf 76' lang='grc' dir='ltr'><strong><em>όν</em></strong></span> <span class='ocrx_word' id='word_1_238' title='bbox 934 2980 1043 3041; x_wconf 90' lang='grc' dir='ltr'><strong><em>παρα-</em></strong></span> 
     </span>
     <span class='ocr_line' id='line_1_29' title="bbox 93 3053 1043 3144; baseline 0 -21"><span class='ocrx_word' id='word_1_239' title='bbox 93 3061 249 3140; x_wconf 88' lang='grc' dir='ltr'><strong><em>λείπομεν</em></strong></span> <span class='ocrx_word' id='word_1_240' title='bbox 260 3059 396 3124; x_wconf 78' lang='grc' dir='ltr'><strong><em>ἐκείνων</em></strong></span> <span class='ocrx_word' id='word_1_241' title='bbox 408 3063 471 3144; x_wconf 81' lang='grc' dir='ltr'><strong><em>ἔχε,</em></strong></span> <span class='ocrx_word' id='word_1_242' title='bbox 488 3056 533 3143; x_wconf 76' lang='grc' dir='ltr'><strong><em>μη</em></strong></span> <span class='ocrx_word' id='word_1_243' title='bbox 548 3053 602 3123; x_wconf 84' lang='grc' dir='ltr'><strong><em>διά</em></strong></span> <span class='ocrx_word' id='word_1_244' title='bbox 613 3055 708 3124; x_wconf 84' lang='grc' dir='ltr'><strong><em>ταῦτ’</em></strong></span> <span class='ocrx_word' id='word_1_245' title='bbox 722 3055 816 3138; x_wconf 77' lang='grc' dir='ltr'><strong><em>άξίου</em></strong></span> <span class='ocrx_word' id='word_1_246' title='bbox 828 3056 953 3142; x_wconf 84' lang='grc' dir='ltr'><strong><em>μηδένα</em></strong></span> <span class='ocrx_word' id='word_1_247' title='bbox 964 3054 1043 3139; x_wconf 89' lang='grc' dir='ltr'><strong><em>τρό-</em></strong></span> 
     </span>
     <span class='ocr_line' id='line_1_30' title="bbox 93 3158 407 3240; baseline 0.003 -18"><span class='ocrx_word' id='word_1_248' title='bbox 93 3180 158 3222; x_wconf 90' lang='grc' dir='ltr'><strong><em>πον</em></strong></span> <span class='ocrx_word' id='word_1_249' title='bbox 172 3158 290 3221; x_wconf 86' lang='grc' dir='ltr'><strong><em>δοῦναι</em></strong></span> <span class='ocrx_word' id='word_1_250' title='bbox 301 3158 407 3240; x_wconf 91' lang='grc' dir='ltr'><strong><em>δίκην.</em></strong></span> 
     </span>
     <span class='ocr_line' id='line_1_31' title="bbox 50 3247 1044 3340; baseline 0.001 -22"><span class='ocrx_word' id='word_1_251' title='bbox 50 3280 86 3334; x_wconf 79' lang='lat'><strong><em>30</em></strong></span> <span class='ocrx_word' id='word_1_252' title='bbox 168 3250 280 3332; x_wconf 78' lang='grc' dir='ltr'><strong><em>’Ἀξιον</em></strong></span> <span class='ocrx_word' id='word_1_253' title='bbox 290 3258 416 3340; x_wconf 88' lang='grc' dir='ltr'><strong><em>τοίνυν,</em></strong></span> <span class='ocrx_word' id='word_1_254' title='bbox 430 3247 459 3322; x_wconf 81' lang='grc' dir='ltr'><strong><em>ύ</em></strong></span> <span class='ocrx_word' id='word_1_255' title='bbox 471 3252 594 3337; x_wconf 78' lang='grc' dir='ltr'><strong><em>ἅνδρες</em></strong></span> <span class='ocrx_word' id='word_1_256' title='bbox 601 3250 789 3339; x_wconf 77' lang='grc' dir='ltr'><strong><em>Ἀθηναῖοι,</em></strong></span> <span class='ocrx_word' id='word_1_257' title='bbox 801 3252 857 3318; x_wconf 81' lang='grc' dir='ltr'><strong><em>καὶ</em></strong></span> <span class='ocrx_word' id='word_1_258' title='bbox 868 3249 929 3318; x_wconf 86' lang='grc' dir='ltr'><strong><em>τόν</em></strong></span> <span class='ocrx_word' id='word_1_259' title='bbox 938 3254 1044 3319; x_wconf 90' lang='grc' dir='ltr'><strong><em>θέντα</em></strong></span> 
     </span>
     <span class='ocr_line' id='line_1_32' title="bbox 93 3347 1046 3437; baseline -0.001 -18"><span class='ocrx_word' id='word_1_260' title='bbox 93 3354 152 3420; x_wconf 89' lang='grc' dir='ltr'><strong><em>τόν</em></strong></span> <span class='ocrx_word' id='word_1_261' title='bbox 163 3350 270 3437; x_wconf 88' lang='grc' dir='ltr'><strong><em>νόμον</em></strong></span> <span class='ocrx_word' id='word_1_262' title='bbox 280 3349 588 3437; x_wconf 81' lang='grc' dir='ltr'><strong><em>έξετάσαιΣόλωνα,</em></strong></span> <span class='ocrx_word' id='word_1_263' title='bbox 597 3353 652 3421; x_wconf 83' lang='grc' dir='ltr'><strong><em>καὶ</em></strong></span> <span class='ocrx_word' id='word_1_264' title='bbox 663 3352 854 3420; x_wconf 88' lang='grc' dir='ltr'><strong><em>θεάσασθαι</em></strong></span> <span class='ocrx_word' id='word_1_265' title='bbox 864 3347 948 3437; x_wconf 86' lang='grc' dir='ltr'><strong><em>ὅσην</em></strong></span> <span class='ocrx_word' id='word_1_266' title='bbox 959 3347 1046 3436; x_wconf 87' lang='grc' dir='ltr'><strong><em>πρό-</em></strong></span> 
     </span>
    </p>
   </div>
   <div class='ocr_carea' id='block_1_3' title="bbox 93 3450 1046 3602">
    <p class='ocr_par' dir='ltr' id='par_1_3' title="bbox 93 3450 1046 3602">
     <span class='ocr_line' id='line_1_33' title="bbox 93 3450 1046 3538; baseline -0.005 -17"><span class='ocrx_word' id='word_1_267' title='bbox 93 3479 189 3521; x_wconf 93' lang='grc' dir='ltr'><strong><em>νοιαν</em></strong></span> <span class='ocrx_word' id='word_1_268' title='bbox 199 3455 337 3521; x_wconf 77' lang='grc' dir='ltr'><strong><em>ἐποιεῖτο</em></strong></span> <span class='ocrx_word' id='word_1_269' title='bbox 350 3456 389 3521; x_wconf 89' lang='grc' dir='ltr'><strong><em>έν</em></strong></span> <span class='ocrx_word' id='word_1_270' title='bbox 399 3451 525 3522; x_wconf 79' lang='grc' dir='ltr'><strong><em>ἅπασιν</em></strong></span> <span class='ocrx_word' id='word_1_271' title='bbox 536 3450 693 3533; x_wconf 81' lang='grc' dir='ltr'><strong><em>οίςέτίθει</em></strong></span> <span class='ocrx_word' id='word_1_272' title='bbox 703 3451 821 3538; x_wconf 82' lang='grc' dir='ltr'><strong><em>νόμοις</em></strong></span> <span class='ocrx_word' id='word_1_273' title='bbox 831 3457 890 3537; x_wconf 78' lang='grc' dir='ltr'><strong><em>τῆς</em></strong></span> <span class='ocrx_word' id='word_1_274' title='bbox 900 3453 1046 3517; x_wconf 86' lang='grc' dir='ltr'><strong><em>πολιτεί-</em></strong></span> 
     </span>
     <span class='ocr_line' id='line_1_34' title="bbox 135 3547 851 3602; baseline 0.001 -3"><span class='ocrx_word' id='word_1_275' title='bbox 135 3549 272 3601; x_wconf 77' lang='lat' dir='ltr'><strong>Demosth.</strong></span> <span class='ocrx_word' id='word_1_276' title='bbox 296 3547 355 3602; x_wconf 82' lang='lat' dir='ltr'>Vol.</span> <span class='ocrx_word' id='word_1_277' title='bbox 367 3549 403 3601; x_wconf 90' lang='lat'><strong><em>11.</em></strong></span> <span class='ocrx_word' id='word_1_278' title='bbox 827 3549 851 3600; x_wconf 52' lang='grc' dir='ltr'>ἢ</span> 
     </span>
    </p>
   </div>
   <div class='ocr_carea' id='block_1_4' title="bbox 0 0 1190 3854">
    <p class='ocr_par' dir='ltr' id='par_1_4' title="bbox 0 0 1190 3854">
     <span class='ocr_line' id='line_1_35' title="bbox 0 0 1190 3854; baseline 0 1"><span class='ocrx_word' id='word_1_279' title='bbox 0 0 1190 3854; x_wconf 95' lang='lat' dir='ltr'><strong><em> </em></strong></span> 
     </span>
    </p>
   </div>
  </div>
 </body>
</html>
