2370 3854
191 235 311 296 ΠΡΟΣ
324 233 535 296 ΒΟΙΩΤΟΝ
548 234 659 295 ΠΕΡΙ
667 235 816 296 ΠΡΟΙΚ.
832 235 945 296 ΜΗΤ.
984 234 1047 299 477

91 396 294 483 καταφανές,
314 392 403 482 παρὰ
415 396 450 462 δὲ
461 392 589 463 τούτων
599 397 636 462 ἐν
646 396 764 462 ἕνδεκα
775 400 881 465 ἐτεσιν
890 393 932 464 οῦ
943 397 1047 464 δυνά-

91 523 193 586 μενος
202 510 312 582 τυχεῖν
323 503 391 562 τῶν
404 501 561 580 μετρίων,
578 491 662 562 ἀλλά
675 501 740 560 νῦν
751 501 797 572 είς
808 491 893 579 ὑμᾶς
904 520 1044 562 καταπε-

65 595 233 682 λφευγῶς.
269 595 384 679 δέομαι
401 586 465 660 οῦν
477 591 636 661 ἀπάντων
646 590 760 679 ὑμῶν,
783 585 810 661 a?
821 593 939 675 ἀνδρες
951 599 1046 662 δικα-

91 695 181 775 σταὶ,
203 689 276 778 μετ’
296 689 429 770 εὐνοίας
453 694 490 760 τέ
509 718 576 779 μου
596 689 740 760 ἀκοῦσαι
761 690 867 772 οὕτως
889 692 980 772 ὅπως
1002 689 1045 760 ἀν

92 793 244 876 δύνωμαι
255 795 426 878 λέγοντος,
449 787 514 860 κάν
525 790 607 878 ὑμῖν
617 796 707 860 δοκῶ
717 790 810 860 δεινά
828 794 1044 876 πεπονθέναι,

93 891 296 978 συγγνῶμην
313 896 400 976 έχειν
417 916 473 976 μοι
489 896 641 977 ζητοῦντι
651 896 854 977 κομίσασθαι
862 887 1044 976 τάμαυτοῦ,

91 990 198 1068 άλλως
215 1017 250 1057 τε
269 991 324 1057 καὶ
339 995 386 1068 είς
403 990 574 1073 θυγατρός
589 994 738 1058 ἔκδοσιν·
758 992 882 1079 συνέβη
903 990 968 1075 γάρ
989 1016 1046 1076 μοι

91 1092 270 1175 δεηθέντος
286 1087 486 1173 τοῦπατρὸς
501 1087 759 1175 ὀκτωκαιδεκέτη
776 1099 894 1178 γήμαι,
918 1093 972 1158 καὶ
990 1090 1045 1158 διά

66 1196 189 1262 5τοῦτο
201 1187 288 1257 είναί
295 1215 351 1273 μοι
362 1192 531 1274 θυγατέρα
541 1186 605 1275 ήδη
617 1192 787 1275 ἐπίγαμον.
810 1187 889 1257 ὥστ’
902 1191 973 1274 ἐμοὶ
984 1189 1046 1275 μὲν

91 1294 223 1366 δικαίως
236 1283 279 1353 ἀν
289 1283 495 1376 ἀδικουμένῳ
508 1284 562 1353 διά
574 1286 679 1355 πολλά
690 1286 903 1375 βοηθήσαιτε,
915 1288 1045 1366 τούτοις

90 1385 121 1454 δ’
136 1385 270 1464 είκότως
281 1380 326 1452 ἀν
337 1382 537 1471 ὀργίζοισθε·
561 1389 694 1473 οἵτινες,
713 1379 741 1453 ῶ
750 1394 793 1474 γή
807 1389 861 1455 καὶ
872 1389 958 1470 θεοὶ,
970 1384 1044 1467 ἐξόν

89 1482 201 1562 αύτοίς
217 1482 257 1550 τά
274 1487 383 1551 δίκαια
395 1484 550 1569 ποιήσασι
561 1483 605 1570 μή
618 1487 753 1553 εἰσιέναι
763 1491 809 1564 είς
819 1485 1042 1571 δικαστήριον,

89 1581 152 1651 οὐκ
162 1581 373 1669 αἰσχύνονται
388 1583 449 1669 μέν
467 1580 772 1670 ἀναμιμνήσκοντες
787 1582 874 1671 ὑμᾶς
891 1595 923 1653 εί
937 1610 968 1652 τι
983 1578 1006 1670 ή
1023 1586 1041 1652 ό

90 1680 197 1768 πατήρ
213 1679 310 1768 ήμῶν
325 1680 370 1768 μή
389 1680 503 1766 ὀρθῶς
514 1683 708 1769 διεπράξατο
718 1679 741 1769 ή
752 1673 846 1751 οὗτοι
856 1689 902 1762 είς
913 1686 1043 1750 ἐκεῖνον

89 1781 254 1867 ἥμαρτον,
278 1777 500 1865 ἀναγκάζουσι
517 1779 547 1848 δ’
568 1781 623 1868 ἐμὲ
634 1782 826 1863 δικάζεσθαι
836 1779 957 1861 αὑτοῖς.
986 1785 1046 1848 ἵνα·

90 1880 122 1949 δ’
136 1880 281 1968 ἀκριβῶς
292 1886 398 1968 εἰδῆτε
411 1877 456 1959 ῶς
467 1877 530 1949 οῦκ
541 1881 605 1967 ἐγῶ
615 1881 737 1950 τούτου
749 1890 851 1960 αἴτιος
862 1881 942 1968 εἰμὶ,
966 1876 1041 1947 ἀλλ’

90 1974 200 2068 οῦτοι,
219 1984 252 2062 ἐξ
265 1979 367 2067 ἀρχῆς
377 1978 474 2067 ὑμῖν,
493 1977 539 2059 ῶς
549 1974 593 2047 ἀν
604 1983 642 2048 ἐν
651 1979 868 2067 βραχυτάτοις
880 1978 1041 2065 δύνωμαι,

89 2079 287 2167 διηγήσομαι
297 2079 337 2146 τά
348 2080 549 2163 πραχθέντα.

63 2191 80 2243 6
170 2175 213 2243 Ἡ
218 2175 283 2261 γάρ
295 2176 401 2260 μήτηρ
412 2173 434 2260 ή
444 2173 522 2261 ἐμή,
537 2169 564 2242 ῶ
573 2176 694 2261 ἀνδρες
705 2178 870 2261 δικασταὶ,
888 2175 1041 2261 θυγάτηρ

88 2277 150 2361 μὲν
160 2268 204 2361 ήν
213 2274 436 2359 Πολυαράτου
446 2276 654 2359 Χολαργέως,
666 2270 792 2359 ἀδελφή
807 2272 842 2340 δέ
848 2276 1041 2353 Μενεξένου

88 2377 142 2443 καὶ
153 2373 336 2442 Βαθύλλου
345 2371 627 2456 καλΠεριάνδρον.
655 2371 810 2450 ἐκδόντος
820 2369 852 2438 δ’
866 2368 971 2457 αὐτήν
980 2378 1040 2439 τοῦ

88 2472 212 2560 πατρὸς
223 2474 446 2557 Κλεομέδοντι
456 2478 502 2561 τῷ
515 2475 669 2549 Κλέωνος
684 2475 765 2556 υλεί,
783 2474 839 2538 καί
849 2483 969 2554 προῖκα
980 2469 1041 2536 τά-

88 2583 211 2641 λαντον
225 2571 404 2656 ἐπιδόντος,
418 2567 455 2637 τό
469 2571 530 2655 μέν
544 2580 677 2656 πρῶτον
692 2570 798 2659 τούτῳ
808 2568 967 2659 συνῴκει·
983 2594 1040 2654 γε·
1051 2591 1118 2643 101⁰

88 2676 240 2758 νομένων
256 2667 286 2737 δ’
307 2667 390 2757 αὐτῇ
402 2677 504 2752 τριῶν
520 2669 581 2755 μέν
590 2673 803 2755 θυγατέρων,
820 2674 899 2737 υίοῦ
914 2668 944 2735 δ’
966 2666 1040 2745 ἑνός

86 2774 252 2855 Κλέωνος,
260 2773 314 2838 καὶ
323 2768 403 2855 μετά
412 2775 516 2837 ταῦτα
524 2777 586 2836 τοῦ
595 2766 718 2855 ἀνδρὸς
726 2766 812 2857 αὐτῇ
821 2769 1039 2853 τελευτήσαν-

86 2897 151 2955 τος,
164 2868 373 2937 ἀπολιποῦσα
382 2867 442 2937 τόν
453 2868 546 2937 οἷκον
556 2871 611 2936 καὶ
622 2871 825 2956 κομισαμένη
835 2867 897 2956 τήν
908 2881 1038 2953 προῖκα,

62 2969 188 3037 Ὶπάλιν
205 2970 371 3037 ἐκδόντων
387 2967 493 3054 αὐτήν
510 2975 579 3036 τῶν
596 2967 754 3052 ἀδελφῶν
770 2972 962 3046 Μενεξένου
985 2966 1039 3031 καὶ

90 3067 270 3137 Βαθύλλου
277 3067 309 3157 (ό
319 3068 592 3155 γάρΠερίανδρος
602 3073 648 3135 ἐτι
657 3081 732 3146 παίς
741 3061 798 3153 ήν)
805 3067 858 3133 καὶ
868 3062 905 3131 τό
916 3063 1039 3130 τάλαν-

87 3195 146 3235 τον
162 3170 346 3236 ἐπιδόντων
364 3168 536 3256 συνῴκησε
546 3175 593 3258 τῶ
603 3171 669 3255 ἐμῷ
681 3172 787 3250 πατρί.
819 3167 874 3232 καὶ
885 3170 1039 3249 γίγνομαι

88 3267 198 3346 αὐτοῖς
209 3267 273 3353 ἐγῶ
284 3293 319 3334 τε
330 3270 385 3336 καὶ
396 3267 494 3345 ἀλλος
505 3265 647 3353 ἀδελφός
658 3266 818 3350 νεῶτερος
831 3266 926 3349 ἐμοῦ,
944 3259 980 3340 ὃς
992 3266 1038 3328 ἐτι

87 3382 163 3445 παῖς
180 3361 229 3433 ῶν
245 3364 464 3451 ἐτελεύτησεν.
499 3363 542 3445 ῶς
560 3362 591 3432 δ’
604 3364 717 3451 άληθή
727 3367 813 3449 λέγω
825 3365 898 3447 περὶ
909 3359 1037 3429 τούτων

88 3462 169 3552 ύμῖν
175 3517 184 3549 ,
196 3473 329 3550 πρῶτον
339 3463 418 3542 τοῦς
428 3465 596 3551 μάρτυρας
608 3466 794 3548 παρέξομαι.
