2370 3854
165 183 232 255 404
364 186 476 242 XXXV.
498 181 918 243 ΔΗΜΟΣΘΕΝΟΤΣ

165 346 278 456 ηθτιαν
296 343 384 429 δηλός
406 339 528 410 ἐστιν’
507 339 677 446 ανομακάς,
699 339 774 429 πρδς
791 339 876 408 δὲ
845 370 900 427 την
916 347 1121 447 παραγραφὴν

167 433 379 514 ασθενὲστερον
396 424 547 511 ἀπήντηκε
557 422 648 493 διά
618 452 651 491 το
663 435 787 511 πρᾶγμα
796 421 829 492 τό
839 424 980 514 πονηρόν

252 681 362 751 Οὐδὲν
373 679 493 750 καινὸν
504 681 759 767 διαπράττονται
770 684 804 746 οί
813 686 1005 768 Φασηλῖται,
1019 673 1046 747 τό
1057 681 1121 749 ἀν-

165 788 241 869 δρες
252 783 418 866 δικασταὶ,
437 777 507 848 ἀλλ’
518 778 603 864 ἅπερ
617 778 787 846 είοόδασιν.
823 770 917 847 οὗτοι
931 776 996 865 γὰρ
1009 780 1119 850 δεινό-

166 907 260 950 τατοι
281 882 344 967 μέν
366 885 428 946 είσι
447 881 667 945 δανείσασθαι
686 874 822 963 χρήματ’
836 880 873 945 ἐν
893 886 940 969 τῷ
961 880 1119 971 ἐμπορίην,

164 976 300 1048 ἐπειδὰν
312 979 347 1046 δὲ
358 976 485 1063 λάβωσι
496 978 551 1043 καὶ
561 975 761 1063 συγγραφὴν
768 977 1028 1062 συγγράψωνται
1034 1005 1121 1046 ναν-

165 1075 271 1164 τικην,
284 1071 392 1155 εὐδίας
402 1074 607 1144 ἐπελάθοντο
619 1076 673 1142 καὶ
682 1083 751 1142 τοῖν
762 1082 970 1161 συγγραφῶν
983 1079 1119 1145 καὶτῶν

32 1222 36 1227 -
138 1176 280 1262 ονόμιον
298 1176 353 1243 καὶ
368 1172 420 1243 ὅτι
437 1178 490 1242 δεῖ
504 1172 691 1244 ἀποδοῦναι
714 1172 838 1255 αὐτοὺς
863 1171 885 1242 ἀ
902 1181 1041 1263 ἔλαβον,
1064 1181 1120 1246 καὶ

167 1286 309 1361 οἴονται,
326 1273 387 1342 ίάν
397 1271 585 1357 ἀποδῶσιν,
604 1271 717 1357 ὥσπερ
734 1283 802 1341 τοῐν
814 1279 909 1343 ίδίων
918 1300 951 1341 τι
960 1281 1029 1342 τῶν
1039 1277 1119 1344 ἑαν-
1127 1301 1180 1357 924

163 1382 231 1443 τῶν
242 1372 499 1459 ἀπολωλεκέναι,
511 1371 579 1440 ἀλλ’
592 1371 667 1440 ἀντὶ
678 1380 739 1440 τοῦ
756 1371 941 1442 ἀποδοῦναι
952 1382 1119 1461 σοφίσμα-

166 1501 206 1543 τα
217 1471 409 1559 εὑρίσκουσι
420 1474 475 1540 καὶ
486 1470 710 1559 παραγραφὰς
720 1472 776 1540 καί
787 1471 980 1559 προφάσεις,
988 1475 1045 1541 καὶ
1055 1477 1118 1542 είσὶ

108 1604 112 1612 ·
166 1571 387 1660 πονηρότατοι
403 1568 599 1656 ἀνθρώπων
615 1573 672 1639 καὶ
696 1569 902 1639 ἀδικώτατοι.
938 1572 1118 1659 τεκμήριον

166 1675 202 1742 δὲ
213 1671 352 1739 τούτου·
375 1677 510 1739 πολλῶν
526 1671 590 1759 γὰρ
609 1669 868 1757 ἀφικνουμένων
885 1677 931 1750 τίς
949 1671 987 1740 τό
999 1668 1119 1757 ὑμέτε-

164 1798 226 1857 ρον
242 1769 402 1856 ἐμπόριον
423 1772 477 1838 καὶ
497 1768 664 1857 Ἑλλήνων
686 1772 742 1839 καί
762 1772 961 1860 βαρβάρων,
985 1779 1120 1852 πλείους

164 1877 253 1941 δίκαι
265 1873 348 1937 είσδν
358 1869 512 1937 ἑκάστοτε
524 1869 638 1937 αὐτῶν
655 1879 723 1937 τῶν
735 1877 932 1956 Φασηλιτῶν
943 1867 966 1958 ἦ
976 1880 1045 1939 τῶν
1054 1871 1119 1940 ἀλ-

137 1980 233 2046 3va
249 1965 420 2036 ἀπόντων.
450 1959 547 2035 οὗτοι
559 1967 620 2054 μὲν
636 1960 701 2035 οὖν
711 1975 861 2036 τοιοῦτοί
875 1976 968 2038 είσιν.
992 1970 1054 2056 ἐμοὶ
1070 1969 1117 2058 δ’,

163 2063 191 2140 ιος
209 2069 330 2156 ἀνδρες
347 2069 513 2155 δικασταὶ,
535 2066 683 2154 χρήματα
701 2071 855 2147 δανείσας
873 2065 1052 2155 Ἀρτέμωνι
1069 2076 1120 2158 τῷ

162 2170 284 2240 τούτου
295 2166 430 2260 ἀδελφῷ
441 2168 525 2237 κατὰ
536 2167 615 2249 τοὺς
626 2169 825 2256 ἐμπορικοὺς
837 2168 965 2254 νόμους
971 2219 980 2254 ,
1001 2166 1119 2248 είςτδν

162 2271 299 2341 Πόντον
318 2271 374 2336 καὶ
392 2269 495 2336 πόλιν
512 2266 688 2356 Ἇδήναζε,
712 2267 971 2356 τελευτήσαντος
988 2272 1120 2336 ἐκείνου

163 2373 242 2455 πρὶν
252 2367 443 2436 ἀποδοῦναί
449 2394 507 2453 μοι
516 2367 556 2436 τοὶ
567 2368 734 2456 χρήματα,
746 2375 898 2459 Λακρίτῳ
910 2369 1017 2459 τούτῳ
1029 2376 1132 2454 είλη·

162 2497 203 2557 χα
220 2469 282 2556 την
299 2471 396 2554 δίκην
413 2467 540 2555 ταύτην
558 2465 641 2535 κατά
660 2466 739 2546 τούς
755 2466 880 2546 αὐτοὺς
895 2469 1022 2553 νόμους
1037 2467 1118 2535 τού-

138 2588 241 2649 λτους
280 2566 357 2637 καθ’
372 2568 498 2654 οὕσπερ
510 2593 548 2635 το
537 2565 768 2654 συμβόλαιον
779 2565 1001 2650 ἐποιησάμην,
1018 2563 1120 2633 ἀδελ-

164 2675 217 2758 φῷ
229 2666 302 2736 ὄντι
311 2666 418 2755 τούτῳ
430 2671 561 2735 ἐκείνου
573 2667 629 2733 καὶ
639 2663 779 2750 ἔχοντι“
757 2688 889 2732 απαντα
904 2690 945 2731 τα
933 2660 1119 2749 Ἀρτέμω-

162 2793 237 2850 νος,
260 2762 353 2831 καλ“
332 2784 374 2831 οσ
377 2761 523 2832 ’ἐνθάδε
540 2767 695 2831 κατέλιπε
711 2761 801 2831 καδ’
781 2782 844 2830 οοα
860 2789 903 2848 ην
920 2760 1010 2853 αάτφ
997 2765 1119 2831 Ηέν
1077 2791 1119 2852 τη
1163 2760 1176 2773 ”

163 2861 343 2951 Φασήλιδι,
362 2864 417 2928 καλ
433 2861 665 2950 κληρονόμῳ”
645 2889 718 2930 οντι
729 2889 798 2931 των
808 2866 877 2931 ἐκεί
877 2889 937 2931 νον
928 2861 1117 2988 ἀπάντρον,

161 2959 271 3034 καί
232 2988 295 3030 ονκ
313 2955 357 3028 ἀν
374 2965 507 3046 ἔχοντος
522 2961 646 3029 τούτου
665 2966 768 3043 δείξαι
794 2961 902 3047 νόμον
925 2961 1118 3056 δστιςαότῷ

161 3068 300 3133 δίδωσιν
318 3063 471 3140 ἐξουσίαν
488 3065 575 3147 ἔχειν
591 3061 653 3149 μὲν
668 3062 708 3130 τὰ
725 3069 788 3130 τοῦ
803 3061 957 3149 ἀδελφοῦ
970 3066 1025 3132 καὶ
1036 3067 1116 3156 διφ-

161 3162 299 3250 κηκίναι
314 3157 404 3237 ὅπως
419 3159 528 3228 ἐδόκει
548 3159 654 3253 αὐτῷ,
677 3158 722 3249 μὴ
741 3159 928 3230 ἀποδοῦναι
940 3163 976 3232 δὲ
993 3162 1116 3232 τάλλό-

162 3288 237 3346 τρια
246 3258 411 3347 χρήματα,
426 3254 509 3326 ἀλλά
526 3264 636 3344 λέγειν
653 3268 720 3328 νῦν
731 3258 783 3327 ότι
794 3258 857 3328 οὐκ
868 3267 936 3329 ἔστι
947 3263 1112 3347 κληρονό-

146 3381 246 3442 wne,
266 3355 335 3429 ἀλλ’
347 3357 522 3445 ἀφίσταται
539 3367 607 3426 τῶν
625 3363 763 3428 ἐκείνου.
791 3359 1030 3446 ἡμδντοντοοὶ
1042 3369 1115 3430 Λα-
