2370 3854
122 179 183 243 136
336 182 419 238 xxll.
452 179 793 240 ΔΗΜΟΣΘΕΝΟ
804 181 872 241 ΤΣ

120 346 239 428 πένης,
260 338 283 426 ή
300 341 356 407 καὶ
373 337 547 423 πλούσιος,
569 337 675 406 πολλά
698 337 729 406 δ’
743 336 924 425 ἀνηλωκοδς
938 348 1000 409 καί
1012 338 1073 411 τιν’

121 450 200 518 ίσως
210 438 337 524 τρόπον
344 436 477 517 εἰκότως
494 434 558 506 οὐκ
576 435 730 523 εὐπορῶν
746 434 964 527 ἀργυρίου,ή
978 444 1073 526 τέγος

122 535 255 617 ἀςτούς
265 545 415 623 γείτονας
428 533 661 624 δπερβαίνοιή
675 534 856 607 ἀποδύοιτο
867 535 934 608 δπδ
952 544 1074 627 κλίνην

123 634 206 720 ὑπὲρ
220 644 282 704 τοῦ
292 633 337 723 μή
356 633 394 706 τδ
407 644 501 722 σῶμα
514 633 617 714 ἀλοάς
629 642 675 716 είς
691 635 728 705 τδ
741 636 969 725 δεσμωτήριον
978 638 1077 707 ἕλκε-

121 747 220 822 σθαι,
237 732 260 822 ή
271 734 354 804 ἀλλα
366 733 585 821 ἀσχημονοίη,
608 731 789 822 ἀδούλων,
809 733 873 805 οὐκ
884 736 1075 821 ἐλευθέρων

120 835 209 903 ἐστὶν
227 839 323 920 ἔργα,
345 834 401 901 καὶ
417 831 513 901 ταῦθ’
527 831 662 920 ὑπὸτῆς
680 830 1074 924 αὑτοῦγυυαικδςὸρηότο

120 928 287 1017 ποιῶυ,ήν
298 928 526 1015 ιδςέλεάθερος
537 929 726 1018 ἠγγυήσατο
738 937 792 1000 καί
804 942 861 1020 τῆς
871 932 1001 1013 πόλεως
1011 956 1076 1001 πο-

121 1039 221 1118 λίτης,
234 1029 252 1099 ὁ
266 1031 300 1098 δὲ
312 1031 442 1098 τούτων
453 1040 556 1109 αίτιος
564 1029 763 1118 Ἀνδροτίων
772 1041 834 1119 είη,
846 1028 887 1101 δν
897 1028 973 1100 οὐδ’
987 1029 1075 1118 ὑπὲρ

122 1127 228 1199 αὑτοῦ
241 1134 338 1217 δίκην
353 1130 538 1218 λαμβάνειν
548 1134 586 1218 ἐᾷ
603 1130 644 1198 τά
661 1134 874 1217 πεπραγμένα
886 1132 941 1201 καὶ
950 1137 1072 1219 βεβιω·

79 1231 221 1315 εςμένα,
244 1229 290 1315 μή
308 1234 342 1296 τί
355 1225 382 1313 γ’
396 1226 481 1316 ὑπὲρ
497 1236 555 1315 τῆς
572 1229 715 1309 κόλεως;
737 1237 844 1299 καίτοι
862 1238 895 1298 εί
907 1256 956 1309 τις
965 1234 1074 1318 ἔροιτο

122 1322 243 1414 αὐτὸν,
264 1324 323 1405 τὰς
335 1326 495 1413 είσφοράς
511 1327 655 1413 πότερον
665 1325 706 1397 τά
716 1322 897 1414 κτήματαή
905 1326 947 1396 τά
960 1326 1076 1414 σάμα-

120 1452 160 1493 τα
172 1423 314 1512 ὀφείλει,
336 1424 377 1495 τά
389 1427 538 1515 κτήματα
549 1427 688 1514 φήσειεν
699 1423 758 1514 ἀν,
783 1437 874 1511 είπερ
893 1424 1006 1514 ἀληθή
1019 1430 1075 1494 λέ-

119 1551 192 1608 γειν
211 1526 384 1612 βούλοιτο·
415 1524 480 1594 ἀπὸ
501 1524 568 1613 γάρ
589 1525 719 1593 τούτων
739 1530 944 1614 εἰσφέρομεν.
984 1531 1076 1603 τίνος

122 1614 187 1690 οὖν
197 1623 296 1691 ἕνεκα
309 1620 454 1708 ἀφεδςτδ
472 1622 513 1692 τά
530 1631 634 1711 χωρία
651 1625 807 1711 δημεύειν
824 1626 880 1694 καί
894 1620 954 1704 τάς
968 1630 1075 1703 οίκίας

121 1726 176 1791 καί
192 1720 286 1791 ταῦτ’
301 1720 530 1810 ἀπογράφειν,
553 1727 637 1803 ἔδεις
654 1724 708 1791 καὶ
725 1721 855 1812 ὕβριζες
865 1729 1001 1802 πολίτας
1011 1718 1076 1791 ἀν-

122 1821 284 1906 θράπους
300 1822 356 1889 καὶ
374 1823 453 1901 τούς
463 1823 694 1906 ταλαιπώρους
703 1829 893 1909 μετοίκους,
915 1816 964 1901 οἷς
975 1819 1076 1911 ἀβρι-

79 1946 114 2001 ςς
124 1918 324 2001 στικάτερου
334 1915 357 2004 ή
367 1935 435 1998 τοῖς
453 1923 593 2001 οἰκέταις
604 1937 671 2001 τοίς
684 1930 812 1991 σαυτοῦ
828 1925 999 2009 κέχρησαις
1019 1922 1113 1990 ualet

123 2016 228 2104 μήνεί
240 2021 389 2089 ἐθέλοιτε
394 2019 582 2100 σκέψασθαι
593 2025 626 2083 τί
634 2015 787 2104 δοῦλουή
797 2021 979 2106 ἐλεύθερον
990 2018 1076 2088 εἶναι

124 2120 282 2205 διαφέρει,
300 2126 399 2187 τοῦτο
410 2121 565 2205 μέγιστον
575 2118 619 2187 ἀν
629 2119 767 2207 εὕροιτε,
780 2118 832 2190 ὅτι
841 2135 909 2200 τοῖς
919 2118 983 2205 μὲν
993 2118 1078 2187 δοά-

123 2226 193 2299 λοις
208 2216 245 2287 τό
263 2225 359 2305 σῶμα
377 2226 444 2288 τῶν
464 2216 676 2307 ἀδικημάτων
696 2216 854 2287 ἁπάντων
875 2214 1076 2287 ὑπεύθυνόν

122 2322 207 2406 ἐστι,
228 2333 296 2400 τοῖς
318 2317 350 2388 δ’
362 2323 568 2407 ἐλευθέροις,
591 2314 657 2388 κάν
676 2317 717 2388 τά
738 2322 873 2404 μέγιστα
896 2314 1075 2404 ἀτυχῶσιν,

122 2417 222 2486 τοῦτό
242 2417 274 2502 γ’
294 2425 402 2487 ἔνεστι
423 2428 541 2487 σῶσαι·
576 2425 623 2497 είς
643 2418 792 2504 χρήματα
814 2414 879 2503 γάρ
896 2413 960 2504 τήν
975 2420 1075 2502 δίκην

122 2515 277 2598 περδτοὸν
288 2520 451 2584 πλείστων
462 2514 552 2601 παρά
563 2516 692 2584 τούτων
703 2516 862 2605 προσήκει
879 2514 1072 2602 λαμβάνειν.

122 2607 190 2681 δδὲ
205 2609 404 2680 τούναντίον
421 2619 466 2692 είς
481 2612 522 2681 τά
540 2613 691 2700 σάματα,
715 2614 826 2703 ἀσπερ
838 2614 1073 2701 ἀνδραπόδοις,

80 2709 297 2796 οθέποιήσατο
315 2709 374 2789 τάς
389 2718 555 2798 τιμωρίας.
589 2711 677 2781 οὕτω
695 2714 727 2782 δ’
740 2721 880 2801 αἰσχροῖς
898 2714 954 2783 καὶ
971 2721 1073 2782 πλεο-

123 2814 282 2887 νεκτικῶς
292 2812 364 2894 ἔσχε
376 2810 460 2896 πρὸς
482 2809 571 2898 ὑμᾶς
596 2810 680 2881 ὥστε
696 2812 757 2882 τάν
767 2817 830 2901 μὲν
840 2814 963 2882 ἑαυτοῦ
973 2816 1075 2881 πατέ-

124 2933 166 2991 ρα
189 2904 270 2999 ᾤετο
292 2912 372 2996 δεῖν,
395 2913 536 3001 δημοσίᾳ
559 2916 699 2983 δεθέντα
721 2914 773 2981 ἐπὶ
788 2912 954 3000 χρήμασιν
970 2913 1007 2980 ἐν
1025 2918 1075 3000 τῷ

124 3013 355 3100 δεσμωτηρίῳ,
389 3008 470 3096 μήτε
491 3009 659 3082 ἀποδόντα
686 3020 791 3081 ταῦτα
812 3012 893 3099 μήτε
914 3013 1076 3096 κριθέντα

124 3106 326 3195 ἀποδράναι,
347 3109 461 3178 τοῖνδ’
473 3111 585 3180 ἀλλων
600 3119 745 3179 πολιτῶν
755 3111 816 3178 τὸν
826 3109 871 3197 μή
884 3108 1077 3199 δυνάμενον

123 3206 164 3277 τά
181 3210 303 3277 ἑαυτοῦ
319 3220 432 3279 θεῖναι
451 3220 589 3280 οίκοθεν
611 3216 657 3289 είς
677 3206 715 3276 τδ
734 3208 960 3297 δεσμωτήριον
980 3207 1076 3276 ἕλκε-

125 3319 215 3377 σθαι.
249 3306 306 3376 εἶτ’
319 3310 527 3396 ἐπίτοάτοις,
553 3310 596 3388 ὡς
614 3307 730 3379 ὁτιοῦν
747 3308 939 3397 ἑξὸνὲαυτρῖ
955 3320 1075 3394 ποιεῖν,

123 3406 286 3494 Σινάκην
302 3408 569 3496 προσηνεχύραζε
585 3410 640 3477 καὶ
657 3409 913 3498 Φανοστράτην,
935 3403 1077 3490 ἀνθρά-

551 3509 567 3536 0
