2370 3854
363 178 783 270 ΚΑνΛιιιιιΔιον.
1010 207 1053 271 ιι

98 372 240 446 Μειδίας
249 375 373 455 ἔρημον
382 359 474 452 ὦφλε
482 370 587 452 δίκην,
595 363 752 436 ἁπάντων
761 367 976 455 ἀπεστέρηται
984 376 1052 437 τῶν

99 471 136 535 ἐν
148 474 188 555 τῇ
199 466 293 534 πόλει
303 467 358 534 καί
369 464 525 546 καθάπαξ
536 465 650 551 ἄτιμος
659 468 848 551 γε’γονε,καί
856 465 932 534 οὔτε
941 475 1052 552 λαχεῖν

99 564 302 651 ἀδικηθέντα
314 562 391 632 οὔτε
402 563 570 650 διαιτητήν
580 567 738 648 γενέσθαι
747 570 872 652 Μειδίᾳ
884 564 957 634 οὔθ’
967 565 1052 646 ὅλως

53 679 91 734 88
100 664 161 749 τήν
173 660 280 747 αὐτήν
290 658 371 729 ὁδὸν
382 665 536 748 βαδίζειν,
549 657 593 739 ὡς
604 667 721 747 ἐοικεν,
733 660 799 730 ἔστ’
816 660 971 748 ἀσφαλές.
1003 670 1057 732 δεῖ

100 759 140 846 δή
153 767 251 828 τοῦτο
264 757 301 826 τδ
313 767 448 845 πράγμα
458 757 544 845 ὑμεῖς
555 755 677 827 οὑτωσί
687 763 885 846 σκέψασθαι,
894 765 949 830 καὶ
960 770 1052 847 λογί-

100 853 338 927 σασθαιτίποέ
346 854 461 943 ἐστίνδ
467 855 589 926 παθοδν
595 861 737 939 Μειδίας
746 859 852 939 οὕτως
861 859 953 947 ἀμὸν
961 870 1052 947 τηλι-

99 956 227 1042 καύτην
247 955 468 1042 ἐπεβούλευσε
488 962 604 1042 λαβεῖν
624 963 693 1024 τοῖν
708 962 952 1046 πεπραγμένων
969 957 1048 1044 παρ’
1060 969 1113 1023 543

100 1051 222 1139 ἀνδρὸς
233 1060 370 1122 πολίτου
381 1058 494 1140 δίκην,
515 1049 581 1121 κάν
590 1055 652 1140 μὲν
662 1048 724 1142 ήτι
736 1057 848 1126 δεινὰν
860 1053 905 1136 ως
916 1053 1052 1143 ἀληθῶς

99 1156 154 1221 καὶ
165 1152 351 1238 ὑπερφυὲς,
375 1150 577 1238 συγγνώμην
587 1157 688 1238 ἐχειν,
710 1153 769 1221 ἐάν
781 1154 816 1221 δέ
825 1153 947 1244 μηδὲν,
965 1153 1051 1223 θεά-

100 1261 207 1319 σασθε
216 1248 278 1336 τήν
289 1249 462 1335 ἀσέλγειαν
472 1251 527 1317 καὶ
539 1249 600 1334 τήν
613 1247 780 1338 ἀμότητα,
801 1244 823 1338 ᾖ
841 1252 923 1320 καθ’
942 1251 1051 1320 ἀπάν-

99 1375 166 1417 των
177 1355 294 1435 χρῆται
304 1354 372 1415 των
382 1347 661 1432 ἐντυγχανόντων.
690 1357 724 1415 τί
734 1342 798 1416 οὖν
809 1349 884 1417 ἐσθ’
897 1349 1052 1417 δπέπον-

97 1458 179 1527 θεν;
203 1447 350 1533 μεγάλην
362 1445 403 1531 νή
415 1443 472 1513 Δί’
486 1438 578 1530 ἀφλε
590 1449 702 1533 δίκην,
724 1449 779 1514 καὶ
789 1447 957 1533 τοσαύτην
969 1446 1048 1516 ὤστ’

52 1567 89 1622 89
99 1545 356 1630 ἀποστερεῖσθαι
371 1552 439 1612 των
454 1542 578 1612 ὄντων·
600 1542 684 1612 ἀλλά
699 1551 814 1630 χιλίων
824 1542 845 1632 ή
857 1550 931 1632 δίκη
943 1545 1050 1631 μόνον

99 1638 145 1730 ήν
156 1649 321 1732 δραχμῶν.
361 1642 452 1710 πάνυ
467 1669 520 1728 γε,
542 1640 626 1711 ἀλλά
639 1644 946 1727 δάκνεικαδτουτο,
968 1649 1049 1730 φαίη

99 1768 147 1820 τις
163 1736 222 1828 ἀν,
245 1738 327 1808 ὅταν
344 1743 484 1809 ἐκτίνειν
500 1738 623 1821 ἀδίκως
633 1744 707 1830 δέη,
729 1745 854 1829 συνέβη
872 1745 908 1810 δέ
924 1739 1050 1829 ὑπερη-

99 1843 187 1928 μέρῳ
200 1839 366 1928 γενομένῳ
376 1845 497 1909 λαθεῖν
506 1836 597 1929 αὐτῷ
609 1838 663 1907 διά
673 1842 710 1907 τδ
729 1837 940 1927 ἀδικηθῆναι.
973 1839 1048 1908 ἀλλ’

98 1937 293 2025 αὐθημερὸν
303 1937 363 2023 μὲν
372 1935 513 2027 ήσθετο,
530 1935 615 2007 δκαί
624 1939 780 2026 μέγιστόν
793 1941 861 2008 ἐστι
870 1939 1052 2025 τεκμήριον

98 2045 161 2104 τοῦ
169 2035 473 2124 μηδδνήδικηκέναι
483 2034 544 2105 τδν
554 2037 753 2125 ἀνθρωπον,
777 2034 927 2126 δραχμήν
944 2037 975 2104 δ’
988 2035 1048 2104 οά-

54 2136 186 2209 οοδέπω
198 2142 278 2221 μίαν
288 2138 459 2203 ἐκτέτικεν.
481 2133 566 2203 ἀλλά
576 2136 622 2222 μή
633 2161 685 2203 πω
695 2145 803 2204 τοῦτο.
837 2132 920 2203 ἀλλά
930 2133 992 2220 τήν
1002 2132 1046 2221 μή

97 2227 206 2300 οὖσαν
222 2230 407 2318 ἀντιλαχεῖν
421 2231 513 2319 αὐτῷ
529 2237 606 2319 ἐξῆν
624 2236 749 2321 δήπου,
770 2237 825 2302 καὶ
842 2232 925 2317 πρδς
938 2233 994 2318 ἐμὲ
1009 2232 1046 2300 τὸ

97 2337 232 2415 προῖγμα
252 2330 540 2414 καταστήσασθαι,
564 2329 647 2411 πρὸς
670 2330 774 2417 ὅνπερ
795 2336 828 2411 ἐξ
850 2330 952 2417 ἀρχῆς
967 2325 1047 2417 ήνή

98 2432 181 2512 δίκη.
214 2423 287 2494 ἀλλ’
300 2422 362 2493 οὐκ
379 2427 544 2513 ἐβούλετο.
571 2426 647 2496 ἀλλ’
659 2434 714 2498 ἵνα
724 2429 768 2517 μή
781 2435 923 2509 Μειδίας
932 2429 1050 2515 ἀτίμη-

96 2551 157 2594 τον
167 2522 368 2610 ἀγωνίσηται
380 2528 460 2593 δέκα
470 2535 565 2612 μνων
578 2530 685 2615 δίκην,
698 2527 781 2617 πρὸς
790 2527 835 2617 ήν
847 2527 908 2598 οὐκ
918 2527 1048 2615 ἀπήντα

47 2620 48 2624 ’
97 2627 190 2712 δέον,
202 2629 258 2692 καί
269 2631 300 2692 εί
307 2623 368 2711 μὲν
379 2623 527 2713 ἠδίκηκε,
540 2629 637 2712 δίκην
649 2631 706 2717 δῷ,
722 2634 753 2696 εί
762 2632 797 2696 δὲ
807 2627 863 2716 μή,
877 2625 1046 2713 ἀποφύγη,

95 2722 213 2809 ἀτιμον
225 2720 413 2808 Ἀθηναίων
433 2722 493 2788 ἕνα
513 2721 599 2792 εἶναι
615 2727 736 2792 δεῖκαὶ
753 2725 834 2812 μήτε
850 2725 1049 2811 συγγνώμης

95 2820 176 2909 μήτε
188 2821 292 2906 λόγου
303 2820 384 2908 μήτε
394 2824 566 2900 ἐπιεικείας
577 2827 736 2909 μηδεμιᾶς
747 2837 868 2908 τυχεῖν,
881 2819 903 2889 δι’
915 2824 1048 2900 καὶτοῖς

49 2941 84 2994 91
95 2919 200 2999 ὅντως
211 2918 384 2987 ἀδικοῦσιν
395 2917 524 2988 ἀπανθ’
536 2918 686 3008 δπάρχει.
721 2918 795 2988 ἀλλ’
808 2919 920 3006 ἐπειδή
929 2946 967 3004 γε
976 2917 1049 3004 ήτί-

94 3038 207 3107 μωσιν
218 3015 259 3086 δυ
268 3018 456 3106 ἐβουλήθη,
480 3019 536 3086 καλ
545 3018 637 3087 τοῦτ’
652 3023 849 3105 ἐχαρίσασθε
860 3015 952 3106 αὐτῷ
958 3067 967 3102 ,
991 3018 1045 3082 καί

94 3118 156 3205 τήν
166 3116 286 3202 ἀναιδῆ
296 3117 453 3203 γνώμην,
471 3108 609 3206 ᾖταῦτα
620 3131 822 3200 προαιρεῖται
832 3127 956 3196 ποιεῖν,
973 3113 1048 3180 ἐνέ-

94 3226 221 3305 πλησεν
232 3213 352 3301 αὑτοῦ,
365 3211 464 3283 ἐκεῖν’
478 3218 620 3301 ἐποίησε,
632 3215 694 3301 τήν
704 3218 884 3296 καταδίκην
895 3212 1046 3297 ἐκτέτικε,

94 3314 139 3384 δι’
158 3312 202 3403 ἢν
219 3313 280 3383 τδν
297 3314 482 3402 ἀνθρωπον
499 3312 686 3394 ἀπωλεσενς
710 3308 789 3379 οὐδὲ
804 3316 950 3396 χαλκοῦν
967 3306 1049 3377 οάδέ

94 3440 146 3484 πω
165 3416 220 3486 καί
236 3415 397 3504 τήμερον,
419 3410 501 3483 ἀλλά
520 3418 617 3501 δίκην
633 3411 769 3496 ἐξούλης
785 3406 942 3496 ὑπομένει
962 3407 1047 3494 φεύ-
