2370 3854
286 233 427 294 ΠΡΟΣ
446 232 781 293 ΖΗΝΟΘΕΜΙΝ.
954 232 1015 296 367

72 390 151 475 νεός,
163 385 198 478 ής
203 391 395 498 Ἡγέστρατος
408 392 589 499 ἐναυκλήρει.
604 390 802 497 Ἡγέστρατος
814 395 846 459 δὲ
859 421 909 458 και
899 394 1016 503 Ζηνό-

70 489 172 579 θεμις,
184 474 257 562 πρὸς
268 475 303 542 όν
316 475 419 541 ἔστιν’
404 505 423 560 η
434 473 629 585 παραγραφή,
652 484 867 542 Μασσαλιῶται
877 474 957 560 μὲν
940 502 1017 582 ησαν

71 558 102 626 τό
115 564 208 644 γένος,
210 558 414 666 κακούργημα
424 562 456 626 δὲ
465 569 598 626 τοιοῦτον
609 562 641 625 ἕν
650 558 856 665 Σορακεγόσαις
874 562 1016 667 έκαμοόρ-

70 666 179 755 γησαμ,
200 642 239 721 ὡς
257 671 273 709 ο
261 642 385 748 ’ῥήτωρ
398 648 497 728 φησίν.
519 643 861 747 έδανείσαντογρήματα,
883 655 974 711 ταῦτα
986 649 1016 711 δε
1024 651 1071 706 881

71 733 110 804 εἰς
120 730 173 836 μὲν
184 725 238 811 τήν
248 736 323 794 ναυν
334 725 390 794 οόκ
401 731 549 804 ἐνέθεντο,
538 725 668 834 λάθρα
679 729 711 792 δὲ
721 723 802 803 είς
771 754 825 809 την
836 735 1017 794 Μασσαλίαν

71 808 256 915 ἀπέστειλαν,
282 806 477 958 άποστερήσαι
499 811 566 887 τοδς
584 817 772 887 δανείσαντας
787 816 1015 918 βεβουλεμμένοι.

71 890 215 998 ἐπειδή
181 922 238 979 γαρ
250 897 432 999 ἕγέγραπτοέ
433 921 500 1001 ντιμ
488 900 697 1000 συμβολαί,
658 923 680 959 ω
716 900 742 960 εί
758 895 853 960 πάθοι
863 923 890 960 τι
901 894 921 981 ή
933 906 1015 978 ναός,

71 974 111 1083 μή
128 974 320 1045 ἀπαιτεῖσθαι
335 973 442 1083 αότογς
457 959 494 1044 τά
511 979 657 1085 χρήματα,
662 960 837 1087 έσκέψαητο
855 986 1016 1046 καταδῦσαι

70 1088 125 1143 την
135 1088 219 1127 ναυν
249 1061 365 1147 νόκτωρ
380 1053 434 1127 οὖν
450 1065 482 1126 έν
497 1089 538 1150 τῳ
525 1071 616 1150 πλῷ
634 1059 814 1129 κατελθδνὸ
826 1061 1017 1174 Ηγέστρμτος

71 1149 203 1210 διέκοπτε
218 1155 271 1212 τοῦ
288 1155 392 1212 πλοίου
409 1141 442 1210 τό
466 1128 583 1248 ἔδαφος.
597 1129 766 1232 φωραθεὶς
785 1150 816 1212 δὲ
833 1151 883 1212 καί
899 1145 1017 1231 φεόγων

69 1225 136 1305 τοὺς
153 1227 334 1335 έπιβάτης’
308 1258 348 1306 εις
366 1224 421 1310 τήν
441 1227 598 1331 θάλασσαη
613 1233 753 1293 εἰσπίπτει
775 1233 826 1331 κμὶ
840 1240 1017 1340 παραχρῆμα
1123 1306 1129 1313 ,

71 1308 272 1378 άπόλλυται.ε
261 1339 276 1378 ο
289 1318 390 1378 τοίνυν
399 1307 596 1413 Ζηνόθεμις,
585 1338 601 1375 ο
612 1308 767 1415 κοινωνός,
786 1311 825 1388 ὥς
836 1315 951 1396 φησινὸ
964 1312 1016 1417 ρή-

70 1423 144 1497 τωρ,
156 1421 208 1459 του
194 1392 423 1480 Ηγεστράτου,
436 1392 518 1476 μόλις
529 1399 678 1496 σωθείσης
685 1399 711 1458 εί
710 1390 907 1501 ςἈθήνας
872 1423 923 1478 της
934 1395 1014 1500 ηεῶς,

70 1475 246 1560 ήμφισβήτει
262 1504 314 1582 τομ
332 1482 427 1557 σίτου,
451 1479 544 1561 λέγων
560 1474 678 1541 εἶναι
650 1504 702 1580 τογ
718 1488 799 1543 σῖτον
810 1475 1015 1580 Ηγεστράτου,

72 1564 183 1624 ἐκεῖνον
194 1562 226 1625 δε
235 1586 295 1642 παρ
316 1565 420 1626 ἑαυτου
408 1566 625 1625 δεδανεῖσθαι
635 1559 775 1664 χρήματα.
804 1559 967 1628 ἐνστάντων
985 1567 1016 1628 δέ

71 1639 152 1729 κότῳ
163 1653 215 1709 τοῦ
224 1670 254 1708 τε
263 1641 390 1747 Προίτου
406 1648 456 1745 ηαδ
467 1669 518 1708 τοο
507 1641 675 1726 Δήμωνος
680 1640 864 1749 άμφοτέροις
880 1648 960 1747 ἔλαχε
972 1653 1015 1711 δί-

71 1755 127 1810 κην
133 1708 307 1812 ἐμπορικήν.
330 1722 425 1792 καί
397 1752 449 1836 τομ
459 1734 586 1811 Προῖτον
597 1729 626 1804 έξ
637 1724 743 1831 ἐρήμης
757 1726 829 1794 ἕλων
829 1726 1000 1832 ἑκόντα,
978 1758 1016 1805 ως

71 1833 144 1913 φησι
162 1814 371 1914 Δημοσθένης,
391 1813 441 1875 καὶ
451 1818 787 1916 συγκακουργοῦντμ,ε
775 1810 881 1896 είσάγει
898 1816 948 1918 κμλ
965 1810 1016 1878 τὸν

72 1892 204 1995 Δημωνα
219 1893 357 1998 δεάτερον
373 1889 458 1971 είς
430 1920 462 1958 το
481 1891 678 1997 δικαστήριον.
711 1922 727 1961 ο
715 1891 776 1960 ’δέ
792 1896 1016 2002 παραγράφεται

71 2005 111 2083 μη
99 1975 326 2081 εἰσαγώγιμον
329 1974 445 2045 εῖναι
415 2004 469 2081 την
485 1983 580 2060 δίκην,
598 1975 690 2060 νόμον
706 1978 899 2085 παρεχόμενος
909 1978 960 2046 τόν
971 1987 1015 2046 δι·
1067 2060 1069 2064 ¹

72 2062 161 2127 δόντα
176 2071 237 2138 τοῖς
252 2059 434 2147 ἐμπόροις
403 2087 454 2137 τας
472 2065 556 2137 δίκας
567 2059 643 2126 εἶναι
658 2066 724 2147 περί
740 2089 799 2128 των
805 2060 863 2127 Ἀθ
862 2061 949 2147 ήναζε
965 2068 1016 2128 καί

71 2154 129 2210 τῶν
149 2141 319 2249 Ἀθήνηθεν
341 2148 539 2249 συμβολαίων·
579 2149 698 2249 Ζηνοθέ
697 2149 813 2247 μιδιδέ
834 2167 907 2228 φησι
925 2149 1017 2229 μηδὲν

72 2227 310 2331 συμβόλαιον
261 2226 336 2291 εἶναι
346 2225 419 2329 πρὸς
429 2221 527 2290 αὐτόν.
550 2225 623 2288 καῖ’
612 2253 628 2293 ο
639 2224 721 2309 μέν’
703 2225 785 2311 αγοόν
795 2229 854 2291 έστι
863 2244 1014 2314 παραγρα-

72 2336 174 2391 φικος,
192 2339 208 2377 ο
226 2311 258 2373 δέ
273 2308 373 2392 λόγος,
391 2305 430 2384 ὡς
446 2314 497 2388 τῆς
514 2303 686 2411 εόθυδιηίας
696 2309 927 2457 τοῦπράγματος
938 2316 1015 2416 εἰση-

71 2395 203 2498 γμένης,
210 2390 301 2468 οότως
318 2395 427 2495 εἴρηται
443 2391 520 2494 περί
526 2397 578 2455 τοῦ
595 2388 636 2498 μή
653 2395 855 2498 Ζηνοθέμιδος
870 2393 991 2459 εἶναι
964 2422 1016 2461 τον

71 2486 167 2580 σῖτον,
186 2470 261 2541 άλλά
275 2501 327 2540 του
314 2473 507 2579 Πρώτου,
496 2499 518 2536 ω
530 2501 546 2540 ο
533 2469 693 2581 Δήμων
681 2474 848 2542 ἐδάνεισε
820 2505 852 2544 το
864 2474 1015 2564 άργάριον.

71 2558 105 2624 οό
121 2556 178 2645 γάρ
195 2556 347 2665 βηόλεται
347 2563 446 2624 δοκεῖν
462 2537 571 2660 ῥήματι
591 2567 642 2625 τοῦ
657 2557 750 2643 νόμου
767 2559 859 2668 μόνον
877 2568 1014 2648 ἰσχυρίζε-

71 2653 144 2752 σθμι
155 2641 230 2710 κατά
240 2639 273 2710 τό
284 2649 407 2729 πρᾶγμα
418 2637 540 2725 άδικων,
554 2637 627 2707 άλλά
638 2642 817 2756 δείκηυσιν
799 2673 837 2722 ως
846 2656 1000 2753 θαρρεῖ
963 2650 1016 2730 μέν
1024 2665 1076 2721 882

71 2731 121 2791 καὶ
130 2754 166 2815 τη
154 2725 287 2816 εόθείμ,
306 2731 338 2793 ἐκ
349 2734 517 2812 περιουσίας
535 2722 613 2790 δὲ’
578 2734 656 2813 αυτῷ
668 2731 718 2793 καὶ
727 2756 927 2814 παραγραφην
938 2757 954 2796 ο
965 2729 1014 2796 νό-

70 2835 123 2891 μος
134 2815 244 2875 δίδωσι

145 3036 284 3124 Ἄνδρες
295 3043 459 3125 δικασταὶ,
472 3040 635 3125 βούλομαι
646 3048 958 3130 παραγεγραμμένος
968 3045 1012 3131 μή

70 3135 290 3222 εἰσαγώγιμον
307 3133 390 3208 είναι
400 3137 462 3224 τήν
479 3141 574 3225 δίκην
591 3141 747 3224 περὶτῶν
757 3140 871 3225 νόμων
881 3147 1014 3227 πρῶτον

71 3242 185 3319 εἰπεῖν,
197 3233 273 3304 καθ’
285 3232 343 3316 οδς
354 3237 625 3324 παρεγραψάμην.
649 3241 683 3304 oc
698 3237 796 3323 νόμοι
808 3238 1012 3324 κελεύουσιν,

72 3327 99 3400 6
116 3333 235 3420 ἄνδρες
257 3338 420 3422 δικασταί,
442 3332 503 3414 τάς
520 3339 612 3414 δίκας
629 3334 712 3404 είναι
728 3351 797 3416 τοῖς
813 3337 1014 3426 ναυκλήροις

70 3432 125 3499 καὶ
139 3446 207 3514 τοῖς
223 3434 379 3520 ἐμπόροις
392 3440 462 3500 τοῖν
480 3429 641 3521 Ἀθήναζε
662 3436 718 3504 καλ
738 3441 806 3503 τοῖν
823 3433 1014 3524 Ἀθήνηθεν
