2370 3854
334 257 475 320 ΚΑΤΑ
505 257 748 320 MEIAIOY.
914 268 917 274 '
974 255 1016 318 59

65 444 150 508 ρηοα
169 425 271 506 ἔγωγε
287 433 483 504 κατηγορεῖν
500 416 605 485 αὐτοῦ
623 426 704 502 νῦν,
726 424 757 486 εἰ
771 417 816 505 μὴ
829 419 884 486 καὶ
895 416 968 484 τότε
980 419 1018 484 ἐν

63 527 112 609 τῷ
128 517 219 605 δήμῳ
238 527 436 603 παραχρῆμα
454 516 614 601 ἐξήλεγξα.
648 517 709 602 την
728 515 793 602 γάρ
815 522 939 604 ἐσθῆτα
956 513 1018 602 τὴν

64 617 159 700 ἱεράν
180 614 290 699 (ἱεράν
311 613 374 699 γάρ
396 621 499 700 ε”γωγε
520 619 641 699 νομίζω
670 619 781 679 πάσαν
810 614 894 701 ὅσην
911 613 955 682 άυ
970 640 1019 692 τις

64 717 162 783 ἕνεκα
173 722 231 800 τῆς
243 716 357 799 ἑορτῆς
368 715 668 798 παρασκευάζηται,
680 715 742 792 ἕως
753 711 796 783 δίν
806 720 952 802 χρησθῇ)
965 715 1019 780 καὶ

63 811 143 890 τούς
166 812 354 895 στεφάνους
375 811 453 889 τούς
472 820 632 897 χρυσοῦς,
655 810 713 890 οὓς
731 814 936 899 ἐποιησάμην
954 807 1080 896 ἐγῶςγρ

63 913 361 1000 κόσμοντῶχορῶ,
381 910 636 996 ἐπεβούλευσεν,
660 939 685 977 ω
674 904 819 999 ’ἄνδρες
835 910 1019 1028 Ἀθηναῖοι,

65 1016 262 1096 διαφθεῖραί
276 1036 332 1096 μοι
349 1009 482 1096 νύκτωρ
499 1010 611 1077 ἐλθῶν
626 1011 726 1078 ἐπὶ
690 1017 797 1094 τηνολ
796 1017 872 1078 κίαν
882 1035 945 1094 την
957 1014 1019 1075 τοῦ

63 1108 259 1194 χρυσοχόου
293 1111 348 1175 καὶ
366 1112 573 1193 διέφθειρεν,
597 1107 638 1175 ού
655 1136 768 1196 μεντοι
779 1117 890 1175 πασαν
901 1133 953 1193 γε
975 1094 1017 1173 ού

63 1205 127 1291 γάρ
151 1206 309 1292 ε’δυνηθη
342 1215 449 1275 καιτοι
466 1234 564 1276 τουτο
583 1235 604 1293 γ
607 1205 740 1287 ουδεὶς
751 1232 882 1275 πωποτε
894 1205 1016 1274 ουδενα

64 1307 166 1390 φησὶν
186 1304 363 1390 άκηκοέναι
383 1307 591 1392 τολμήσαντα
613 1306 693 1376 οὐδὲ
716 1308 900 1394 ποιήσαντα
920 1309 958 1373 ἐν
975 1312 1016 1391 τῇ

22 1416 53 1470 17
63 1405 167 1472 πόλει.
196 1401 258 1471 ούκ
271 1403 433 1489 άπέχρησε
446 1401 476 1470 δ’
490 1402 581 1492 αύτῷ
591 1415 707 1491 τοῦτο,
730 1405 812 1472 άλλά
824 1409 878 1471 καλ
889 1403 950 1471 τόν
965 1406 1016 1468 δι-

64 1504 247 1589 δάσκαλον,
261 1497 288 1569 ῶ
299 1504 418 1586 ἄνδρες
426 1501 612 1590 Ἀθηναῖοι,
631 1506 802 1590 διέφθειρέ
811 1528 877 1589 μου
887 1509 948 1570 τού
958 1527 1017 1586 χο-

62 1613 140 1688 (106-
164 1606 218 1670 καὶ
240 1611 270 1670 ει’
280 1600 341 1726 μη
348 1602 543 1727 Τηλεφάνης
560 1600 577 1671 ὁ
597 1601 740 1689 αὐλητὴς
756 1600 891 1687 άνδρῶν
907 1603 1017 1687 βέλτι-

62 1723 139 1780 στος
151 1705 225 1785 περὶ
237 1704 292 1786 ἐμὲ
303 1702 376 1769 τότε
388 1704 534 1788 ἐγένετο,
553 1703 652 1771 καὶ
618 1729 655 1769 το
667 1709 802 1788 πρᾶγμα
813 1700 1015 1785 αἰσθόμενος

61 1802 122 1870 τὸν
133 1801 318 1920 ἄνθρωπον
335 1799 501 1878 άπελάσας
519 1799 619 1879 αύτός
636 1813 832 1884 συγκροτεῖν
848 1825 902 1864 και
892 1797 1016 1863 διδά-

62 1923 155 1968 σκειν
172 1901 253 1966 ῶετο
272 1898 392 1966 δεῖν
358 1926 418 1967 τον
429 1901 546 1986 χορὸν,
569 1894 679 1967 ούδ”“
657 1927 700 1966 αν
710 1897 1014 1985 ηγῶνισιιμεθα,

64 1996 200 2078 ἄνδρες’
195 2009 378 2083 Αθηναῖοι,
392 1997 467 2065 άλλ
479 1992 686 2076 άδλδακτος”
665 2024 708 2063 αν
720 2023 734 2063 ε
737 2004 875 2092 ι’σηλθεν
887 1993 904 2062 6
918 1993 1015 2079 χορὸς

63 2101 117 2163 καὶ
130 2095 297 2183 πράγματ’
310 2096 449 2181 αἴσχιστ’
462 2096 506 2164 div
517 2099 694 2182 ἐπάθομεν.
718 2098 772 2163 καὶ
784 2094 858 2162 ούδ
872 2093 1013 2162 ἐνταῦθ’

63 2201 138 2280 ἔστη
160 2203 216 2280 τῆς
237 2193 381 2280 ὕβρεως,
405 2194 488 2262 άλλά
506 2205 666 2262 τοσοῦτον
686 2191 776 2281 αύτῷ
795 2202 911 2279 περιῆν
931 2192 1014 2260 ῶστε

62 2292 121 2361 τδν
133 2298 406 2376 ἐστεφανωμένον
416 2293 559 2377 ἄρχοντα
572 2295 751 2375 διέφθειρε,
763 2293 841 2368 τούς
852 2288 1014 2375 χορηγούς

63 2400 210 2475 συνῆγεν
222 2388 272 2454 ἐπ’
286 2392 357 2475 ἐμὲ,
370 2397 477 2474 βοῶν,
496 2388 657 2473 ἀπειλῶν,
676 2386 840 2474 ὀμνύουσι
851 2407 1015 2473 παρεστη-

64 2489 130 2565 κῶς
141 2504 208 2567 τοῖς
219 2503 359 2571 κριταῖς,
376 2485 416 2554 τά
428 2488 637 2573 παρασκήνια
648 2486 822 2573 φράττων,
839 2493 1017 2571 προσηλῶν

64 2589 194 2673 ἰδιώτης
207 2583 256 2654 ῶν
266 2586 306 2653 τά
319 2585 476 2673 δημόσια,
497 2585 583 2654 κακά
600 2589 654 2654 καὶ
673 2584 846 2671 πράγματα
858 2581 1016 2669 ἀμύθητά

23 2696 120 2770 18μοι
141 2688 293 2769 παρέχων
316 2688 502 2751 διετέλεσεν.
537 2686 592 2751 καὶ
613 2684 757 2768 τούτων,
781 2681 844 2751 ὅσα
861 2709 899 2767 γε
916 2687 952 2750 ἑν
970 2690 1016 2770 τῷ

64 2786 156 2869 δήμω
167 2790 303 2870 γέγονεν
316 2780 337 2869 ἢ
348 2782 430 2866 πρὸς
442 2799 508 2861 τοῖς
519 2798 644 2867 κριταῖς
656 2787 692 2849 ἐν
703 2791 751 2871 τῷ
760 2783 910 2870 θεάτρῳ,
922 2778 1014 2866 ὑμεῖς

61 2883 133 2950 ε’στέ
142 2911 197 2968 μοι
209 2885 371 2969 μάρτυρες
384 2882 519 2967 πάντες,
543 2876 570 2949 ῶ
582 2881 702 2966 άνδρες
714 2886 872 2949 δικασταί.
905 2885 1012 2947 καίτοι

60 2991 129 3050 τῶν
141 2979 249 3064 λόγων
260 2980 399 3059 τούτους
408 2979 469 3066 χρὴ
483 2981 709 3060 δικαιοτάτους
718 2979 874 3066 ἡγεῖσθαι
895 2975 955 3056 οδς
970 2974 1014 3044 άυ

62 3087 96 3148 ολ
115 3080 300 3165 καθήμενοι
323 3087 370 3169 τῷ
389 3084 516 3164 λέγοντι
534 3089 747 3165 μαρτυρῶσιν
765 3079 900 3164 άληθεῖς
920 3076 1011 3143 εἶναι.

62 3183 325 3263 προδιαφθείρας
340 3183 456 3244 τοίνυν
473 3176 552 3255 τούς
569 3177 682 3261 κριτάς
699 3185 746 3266 τῶ
758 3176 862 3261 άγῶνι
872 3183 940 3242 τῶν
951 3174 1014 3243 άυ-

62 3282 162 3362 δρῶν,
176 3276 237 3343 δύο
247 3283 349 3342 ταῦτα
359 3272 497 3362 ὡσπερεὶ
507 3277 670 3361 κεφάλαια
683 3273 731 3360 ἐφ’
745 3274 847 3342 άταοι
856 3290 924 3355 τοῖς
934 3276 1014 3344 ἑαυ-

60 3383 107 3462 τςῶ
131 3375 411 3459 νενεανιευμένοις
432 3377 612 3462 ἐπέθηκεν,
644 3377 727 3460 ἐμοῦ
754 3373 815 3459 μὲν
836 3370 953 3461 ύβρισε
974 3374 1011 3440 τό
