2370 3854
143 198 205 260 350
344 201 441 260 XXIX.
464 194 881 257 ΔΗΜΟΣΘΕΝΟΤΣ

144 367 249 441 θερον
261 358 344 426 εἶναι
353 361 557 444 βασανίζειν,
581 353 643 439 την
653 355 776 439 μητέρα
792 350 856 438 την
875 356 1022 438 ἐμαυτοῦ
1041 365 1097 425 πί-

144 478 217 524 στιν
227 460 301 541 περὶ
311 455 439 525 τούτων
450 457 614 521 ἐπιθεῖναι
624 449 705 520 καθ’
714 449 808 539 ἡμῶν
820 454 1016 540 ἐθέλουσαν,
1028 462 1098 524 τῶν

144 554 255 623 ἀλλων
275 561 413 622 οἰκετῶν
430 551 492 620 ούκ
509 553 669 620 ἐθέλοντα
686 559 806 619 τοῦτον
823 554 1098 641 παραλαμβάνειν

144 652 266 721 ούδένα
275 661 343 720 τοῖν
353 650 447 721 πάντ’
460 652 599 720 εἰδότων
610 658 738 737 μάλλον
749 646 771 737 ἦ
779 651 923 736 Μιλύας,
931 659 999 720 τῶν
1011 679 1097 738 μαρ-

144 752 258 836 τύρων
275 758 309 818 οἳ
318 750 591 837 κατεμαρτύρουν
607 749 748 836 χρήματ’
765 755 849 835 ἔχειν
861 747 966 819 αύτόν
983 752 1097 820 ούδενὶ

104 859 212 921 οῖτοίυ
232 853 532 935 ψευδομαρτυριῶν
555 851 819 934 ἐπεσκημμένον,
845 847 907 934 τὴν
929 850 1097 936 διαθήκην

146 946 208 1014 ούκ
220 945 388 1014 ἀποδόντα
403 944 482 1015 ούδέ
497 944 558 1015 τδν
569 944 661 1014 οἶκον
676 945 892 1033 μισθώσαντα
902 956 971 1015 τοῖν
981 949 1097 1035 νόμων

145 1045 368 1130 κελευόντων,
384 1052 496 1113 πίστιν
512 1048 677 1113 έπνθεῖναι
688 1046 924 1132 ,προομνύντος
941 1050 1024 1133 ἐμοῦ
1042 1050 1097 1116 καὶ

144 1153 212 1213 τῶν
224 1145 420 1231 μαρτύρων,
444 1143 523 1213 ὥστ’
536 1142 697 1231 ἀφεῖσθαι
707 1153 828 1213 τοῦτον
838 1153 906 1213 τοῖν
920 1144 1098 1231 χρημάτων

144 1241 225 1313 καθ’
239 1241 332 1313 ἀτόν
342 1242 481 1312 Μιλύαν
492 1242 663 1332 ἐξῄτησεν,
689 1242 751 1311 ούκ
769 1246 927 1329 οἰηθέντα
945 1247 1032 1325 δεῖνς
1051 1244 1096 1329 μά

143 1342 223 1422 τούς
239 1340 359 1429 θεούς,
387 1340 452 1427 ἐγω
476 1344 537 1427 μὲν
553 1341 615 1410 ούκ
640 1337 684 1410 ἀν
701 1347 804 1428 ἔχοιμι
827 1345 981 1423 ἐπιδεῖξαι
1001 1331 1096 1410 ταῦτ’

144 1443 379 1530 ἀκριβέστερον
389 1437 413 1528 ἢ
423 1449 544 1509 τοῦτον
555 1439 616 1510 τόν
632 1442 767 1526 τρόπον.
792 1439 881 1509 ούτω
897 1448 1014 1510 τοίνυν
1030 1467 1097 1528 φα-

144 1551 249 1630 νερῶς
276 1548 344 1608 τῶν
373 1539 552 1628 μαρτύρων
579 1540 869 1626 καταψευδόμενος
897 1541 953 1607 καὶ
974 1543 1010 1607 ἐκ
1029 1546 1098 1607 τῶν

146 1639 349 1726 πραγμάτων
376 1636 476 1706 ούδέν
506 1639 724 1725 ζημιούμενος
751 1641 806 1706 καί
835 1635 897 1725 την
924 1642 1021 1724 δίκην
1046 1641 1097 1705 δι-

103 1745 247 1817 οὸκαίως
263 1734 426 1824 ἀφληκοδς
444 1735 533 1823 ὅμως
549 1735 768 1824 ἀναισχυντεῖ.
799 1740 855 1806 καί
866 1742 897 1805 εί
912 1738 975 1823 μέν
986 1736 1029 1824 μη
1042 1739 1097 1805 καί

146 1835 235 1922 παρά
253 1850 321 1912 τοῖς
338 1835 444 1902 αύτού
461 1842 571 1921 φίλοις
588 1839 644 1905 καὶ
660 1833 750 1921 παρά
768 1844 815 1928 τῷ
832 1840 980 1925 διαιτητῇ
996 1859 1087 1920 προε·

145 1938 336 2020 γνωσμένος
347 1931 476 2001 ἀδικεῖν
489 1936 630 2014 τούτους
644 1938 786 2004 ἐποιεῖτο
797 1932 876 2015 τούς
887 1934 1025 2023 λόγους,
1037 1926 1098 2020 ἦτ-

144 2059 204 2100 τον
216 2028 260 2101 ἀν
276 2027 320 2119 ἦν
337 2032 431 2114 ἀξιον
447 2034 647 2120 θαυμάζειν·
667 2043 732 2103 νύν
744 2035 775 2103 δ’
790 2039 959 2124 ἐπιτρέψαι
969 2059 1010 2120 με
1024 2039 1098 2102 πεί-
1135 2049 1137 2052 ’

145 2129 367 2222 σνςἈρχένεφ
380 2136 435 2202 καὶ
445 2137 657 2223 Δρακοντίδη
668 2136 723 2202 καὶ
735 2135 837 2225 Φάνφ
851 2134 958 2224 τούτῳ
975 2140 1023 2224 τῷ
1031 2140 1098 2201 νῦν

145 2229 202 2297 ὑπ’
223 2229 328 2300 αύτού
353 2234 514 2320 φεύγοντι
531 2242 599 2302 τοῖν
622 2239 935 2323 ψευδομαρτυριῶν,
957 2231 1099 2311 τούτους

145 2331 206 2415 μὲν
217 2329 348 2418 ἀφῆκεν
363 2330 512 2412 ἀκούσας
523 2331 636 2401 αὐτῶν
648 2332 714 2419 ότι,
740 2338 771 2401 εί
784 2329 864 2418 μεθ’
878 2330 983 2417 ὅρκου
993 2338 1098 2398 ταῦτα

145 2429 365 2514 διαιτησουσι,
388 2431 658 2516 καταγνώσονται
668 2429 731 2518 τὴν
748 2429 945 2518 ἐπιτροπὴν,
969 2432 1022 2498 ἐπὶ
1037 2429 1157 2507 τδνεω

144 2526 316 2614 κληρωτὸν
329 2528 364 2596 δὲ
374 2526 543 2616 διαιτητὴν
553 2527 665 2598 ἐλθιδν
681 2531 736 2599 καί
748 2527 849 2597 ούδέν
865 2535 950 2615 ἔχων
968 2524 1098 2597 ἀπολύ-

101 2640 136 2692 59
146 2634 269 2692 σασθαι
280 2633 347 2694 των
358 2630 608 2714 ἐγκεκλημένων
620 2620 711 2713 (ἀφλε
724 2625 788 2713 τὴν
799 2631 936 2694 δίαιταν.
959 2629 994 2694 οί
1002 2629 1098 2692 δικα-

145 2724 217 2789 σταὶ
228 2722 258 2789 δ’
273 2722 492 2810 ἀκούσαντες,
505 2731 551 2802 είς
562 2723 621 2804 ούς
632 2730 746 2812 ἐφῆκε,
757 2722 861 2792 ταύτά
872 2725 928 2792 καὶ
938 2737 1007 2804 τοῖς
1015 2722 1098 2791 τού-

142 2845 204 2885 του
221 2827 329 2904 φίλοις
344 2823 397 2891 καὶ
414 2830 461 2914 τῷ
479 2826 627 2912 διαιτητῇ
647 2825 723 2908 περὶ
740 2820 852 2891 αὐτοῖν
873 2829 1025 2910 ἔγνωσαν
1041 2824 1098 2890 καὶ

143 2921 224 2985 δέκα
237 2919 408 2988 ταλάντων
426 2924 598 3009 ἐτίμησαν,
621 2919 663 2990 ού
680 2920 726 3009 μά
738 2920 794 2991 Δί’
808 2919 868 3009 ούχ
883 2921 935 2992 ότι
952 2922 1013 2992 τδν
1024 2928 1097 2990 Μι-

141 3017 229 3084 λύαν
242 3015 453 3106 ὡμολόγησεν
464 3018 548 3090 εἶναι
558 3022 742 3109 ἐλεύθερον
754 3029 863 3104 (τοῦτο
874 3022 936 3110 μέν
951 3020 1017 3110 γάρ
1035 3019 1098 3090 ού-

143 3115 200 3183 δέν
210 3109 278 3202 ἦν),
285 3115 353 3186 ἀλλ’
366 3116 417 3187 ὅτι
423 3125 656 3191 πεντεκαίδεκα
667 3121 961 3201 ταλάντωνούσίας
971 3146 1028 3209 μοι
1034 3148 1098 3190 κα-

141 3223 375 3303 ταλειφθείσης
385 3217 447 3287 τὸν
456 3218 518 3307 μέν
529 3218 624 3289 οἶκον
638 3219 701 3290 ούκ
711 3224 893 3309 ἐμίσθωσε,
906 3220 1025 3291 δέκαδ
1039 3225 1097 3309 ἐτη

131 3313 221 3395 μετά
231 3322 300 3382 τοῖν
309 3319 562 3405 συνεπιτρόπων
570 3324 767 3406 διαχειρίσας
775 3320 859 3408 πρδς
868 3320 930 3409 μέν
938 3317 1001 3407 τὴν
1009 3340 1098 3405 συμ-

114 3418 252 3488 avolem
262 3410 353 3504 ύπέρ
367 3418 492 3502 παιδός
504 3417 601 3501 ὄντος
614 3423 693 3508 ἐμοῦ
703 3425 799 3489 πέντε
811 3429 895 3506 μνᾶς
906 3415 1097 3500 συνετάξατ’
