2370 3854
147 245 188 310 54
353 249 424 306 XXI.
461 245 880 307 ΔΗΜΟΣΘΕΝΟΤΣ

147 415 285 515 διαβολῆς
297 416 348 472 τοῦ
363 410 505 487 ἐναντίου,
517 433 568 469 και
559 408 611 471 ἐκ
624 404 786 512 συστάσεως
796 433 848 472 του
835 411 968 474 οἰκείου
980 409 1097 518 προσιό-

145 517 213 596 που,
226 519 276 556 και
268 495 319 555 έκ
329 497 482 597 προσοχῆς.
506 493 565 554 ἐστι
576 488 633 554 55
619 520 638 573 6
648 489 787 597 πρότασις
799 488 926 588 διμερίης,
939 495 990 556 καὶ
999 489 1032 597 66
1030 497 1097 594 μέν

145 585 262 661 πρῶτον
272 579 357 683 μέρος
368 570 473 639 ἐστίν’
456 570 666 677 ακριτάσκευον,
678 600 710 639 το
699 568 754 637 55
769 573 903 657 δεύτερον
911 580 961 640 καὶ
971 573 1041 642 αὐτο
1030 572 1096 643 δι

145 662 237 742 μερίς.
271 687 321 723 και
312 656 542 762 κατασκευάζει
557 656 667 722 τοότων
682 655 813 758 ἕκάτερα
845 658 906 724 είτα
921 658 1093 744 ἐπιφέρει
1064 688 1097 727 το

148 745 348 850 συμπέρασμα,
360 743 423 806 έν
404 768 466 848 6
439 737 545 824 566066
561 740 698 826 66606666.

232 829 253 909 [
253 829 334 929 Όρος
346 853 420 890 κατα
430 823 585 931 σόλληψιν.
600 828 716 927 λέγεται
726 822 805 889 δέ’
769 841 869 927 ουτως,
882 824 952 892 6666
962 836 1014 892 τοῦ
1012 826 1097 933 φεό-

146 936 248 994 χοντος
259 906 536 1014 άητηνομάζοντοςδ
554 906 671 1011 διηόκων
686 912 735 973 καί
751 906 843 996 τούτῳ
862 905 1021 999 6666566
1005 909 1098 975 νπεά·
1108 916 1159 964 Ἠ

146 1004 245 1059 δυνον
258 989 348 1059 αὐτὸν
361 993 436 1057 εἶναι
447 996 557 1078 λέχη
528 1000 569 1056 663
580 988 711 1073 ὀνόματι,
725 991 796 1056 ὥστε
807 997 953 1096 5665066'
936 1016 1025 1099 εστιν,
1038 996 1098 1058 ἐπεὶ

148 1075 203 1141 δύο
214 1081 337 1179 περιέχει
348 1056 522 1160 ἐγκλήματά.
527 1057 749 1180 66666566666‘
738 1103 754 1140 ο
766 1075 923 1162 στρατηγὸς
933 1107 948 1144 ο
936 1074 1098 1188 βηασάμε-

148 1185 198 1236 νος
209 1158 263 1264 666
272 1170 489 1262 παρατεθεισαν
500 1158 592 1258 κόρην
602 1155 661 1226 5666
672 1186 724 1224 606
712 1167 925 1262 πρεσβευτοῦ,
942 1189 992 1265 666
983 1164 1098 1245 δ-ημο

149 1248 222 1309 σίων
222 1242 435 1349 ἀδικημάτων
443 1241 622 1346 κρχνόμενος,
641 1246 690 1306 καὶ
706 1238 937 1351 άπηκρινόμενος
952 1273 993 1353 μη
981 1242 1098 1328 δημο-

149 1332 198 1416 σίηι
213 1323 338 1434 6566665
338 1356 401 1411 ναι,
418 1323 493 1393 6556
507 1324 713 1431 βχάσαοθαι,
702 1353 717 1391 ο
735 1329 766 1391 55
779 1326 988 1429 6666666666'
971 1331 1100 1435 οχμηοτέ-

150 1436 211 1494 ροις
223 1408 314 1478 αότδν
325 1408 476 1518 666666
460 1409 635 1476 66566600
646 1409 729 1474 εἶναι.
763 1437 795 1474 ιο
785 1406 990 1519 660056606’
972 1439 1031 1478 απο
1047 1439 1099 1477 τοι·

149 1493 342 1576 αντιδίκου,
329 1524 345 1562 ο
366 1499 397 1561 55
411 1493 496 1597 λόγος
513 1490 554 1558 δι’
571 1489 635 1570 ἓνδς
651 1499 745 1569 εἴδους
759 1497 927 1578 προάγεται,
939 1497 1004 1580 ἤτοι
1015 1504 1099 1562 δικα

149 1589 249 1644 νικοῦ·
272 1579 375 1644 τούτου
391 1576 448 1663 γάρ
466 1580 515 1641 καὶ
530 1603 562 1641 το
551 1573 696 1652 τέλος
669 1603 701 1640 το
714 1583 829 1643 δίκαιον
840 1607 891 1644 και
882 1577 921 1663 6
934 1576 1100 1662 κατασκευὴ

150 1659 199 1728 διὰ
213 1690 263 1728 του
252 1667 358 1727 δικαί
358 1689 401 1727 ου.
408 1669 418 1745 ]

528 1765 736 1774 ———.-—-——-

237 1836 577 1926 Τηνμδνάσέλμειαν,
601 1865 626 1904 ω
615 1831 763 1921 ἄνδρες
781 1841 946 1925 δικασταὶ,
968 1837 1100 1925 καλιὴν

150 1937 309 2025 ὕβριν,
290 1965 311 2024 6
330 1935 412 2019 πρὸς
430 1935 578 2015 ἅπαντας
596 1934 645 2003 56
663 1943 778 2021 χρῆται
797 1942 953 2057 M665569,
977 1936 1100 2005 οὐδένα

150 2035 231 2105 οὔθ’
250 2034 346 2121 ὑμῶν
363 2033 440 2102 οὔτε
458 2042 526 2102 των
544 2034 656 2102 ἄλλων
678 2033 862 2102 πολιτῶν’
844 2050 977 2120 αχνοειν
1000 2034 1097 2121 οἶμαι.

148 2133 211 2220 ἐγώ
224 2133 268 2221 δ’,
281 2133 362 2219 ὅπερ
373 2130 417 2201 66
428 2137 482 2202 καὶ
494 2133 590 2220 ὑμῶν
601 2136 736 2211 ἕκαστος
747 2130 919 2220 ὑβρισθεὶς
931 2141 1100 2217 προείλετο

148 2239 285 2318 πρᾶξαι,
307 2239 405 2301 τοῦτο
424 2235 479 2301 καὶ
495 2230 595 2310 αὐτὸς
612 2236 765 2318 έποίησοι,
788 2236 841 2301 καί
858 2231 1100 2320 προύβαλόμην

148 2331 276 2400 ἀδικεῖν
286 2338 408 2401 τοῦτον
420 2331 567 2418 πεσέτην
579 2330 715 2418 ἑορτὴν,
728 2330 770 2399 οὐ
781 2334 887 2418 μόνον
902 2332 1029 2420 πληγὰς
1040 2328 1096 2399 ὑπ’

149 2429 260 2498 αὐτοῦ.
271 2429 384 2516 λαβὼν
401 2447 469 2508 τοῖς
485 2439 695 2516 Διονυσίοις,
718 2426 802 2499 6556
821 2434 876 2498 καὶ
894 2430 977 2499 6556
995 2429 1100 2496 πολλοὶ

126 2531 204 2597 6665
215 2535 306 2614 βίαια
318 2529 439 2595 παθών
451 2529 540 2613 παρὰ
553 2537 662 2595 πᾶσαν
673 2528 735 2616 666
744 2537 912 2616 χορηγίαν.
941 2527 1050 2613 ἐπειδὴ
1065 2529 1101 2592 55

150 2635 258 2706 καλῶς
273 2631 329 2695 καὶ
349 2625 389 2694 66
401 2633 510 2695 δίκαια
521 2636 627 2694 ποιων
639 2626 655 2694 5
669 2634 771 2714 δῆμος
782 2626 868 2705 ἅπας
883 2623 989 2704 οὕτως
1002 2624 1102 2711 6665—

151 2737 218 2812 σθη
240 2728 294 2792 καλ
314 2725 517 2811 παρωξύνθη
535 2728 590 2795 καὶ
606 2727 738 2812 σφόδρα
756 2726 962 2795 ἐσπούδασεν
979 2722 1033 2811 ἐφ’
1052 2720 1101 2802 οἷς

150 2821 337 2910 ἠδικημένῳ
348 2847 405 2907 μοι
417 2825 563 2911 συνῄδει,
578 2825 661 2892 ὥστε
673 2828 781 2893 πάντα
793 2834 969 2902 ποιοῦντος
979 2822 1101 2890 τούτου

151 2930 210 2991 καί
217 2948 319 2990 τινων
329 2920 441 2989 άλλων
453 2921 536 3008 ὑπὲρ
548 2920 652 2992 αὐτοῦ
664 2923 725 2992 οὐκ
735 2929 871 3009 ἐπείσθη
882 2920 951 2990 οὐδ’
963 2921 1100 3008 5666-
1113 2931 1167 2985 515

153 3037 215 3100 μευ
238 3029 283 3100 είς
303 3019 362 3099 τάς
379 3020 492 3101 οόσίας
510 3021 567 3101 τοὶς
583 3025 713 3092 τούτων
731 3020 884 3099 οὐδένας
901 3018 1101 3106 ὑποσχέσεις,

153 3118 236 3188 6556
247 3127 307 3207 μιᾷ
318 3119 433 3206 γνώμη
444 3120 751 3206 κατεχειροτόνησεν
769 3115 890 3204 αὐτοῦ,
912 3125 1033 3186 πολλοί
1047 3141 1103 3200 μοι

153 3218 362 3304 προσιόντες,
386 3247 410 3286 6
430 3219 549 3305 ἄνδρες
566 3222 732 3304 δικασταὶ,
755 3219 992 3305 καλτωνέυτρῑ
1006 3220 1101 3282 δικα-

153 3322 274 3405 στηρίςο
294 3325 358 3383 νῦν
378 3315 485 3386 όντων
501 3316 596 3404 ὑμῶν
607 3322 661 3386 καὶ
673 3315 863 3385 τοῖνάλλων
874 3323 1021 3385 πολιτῶν
1031 3311 1102 3397 ἠξί-

154 3440 216 3481 ουν
243 3418 297 3482 καί
324 3420 586 3502 παρεκελεύοντο
609 3421 796 3496 ἐπεξελθεῖν
818 3419 873 3484 καί
894 3416 1103 3498 παραδοῦναι
