2370 3854
171 229 213 293 οο
380 233 452 290 xx1.
489 227 909 290 ΔΗΜοΣοιιΝουΣ
1007 291 1013 311 s

171 395 276 477 σῶμα,
287 399 328 478 τῇ
339 396 430 479 φυλή
441 388 477 458 δὲ
487 389 656 477 κρατούσῃ
667 387 728 456 τόν
739 385 853 472 άγῶνα
864 389 1053 470 αίτιότατος
1063 395 1128 459 τοῦ

171 487 215 577 μή
229 499 358 576 νικήσαι
372 490 520 575 κατέστη.
1136 505 1173 560 52

129 605 162 660 19
258 600 306 671 Τά
322 603 383 690 μὲν
401 596 465 671 οῦν
482 609 528 682 είς
543 600 600 689 ἐμὲ
611 603 665 669 καὶ
675 599 753 680 τοῦς
763 602 907 688 φυλέτας
918 599 1128 691 ήσελγημένα

171 704 226 771 καὶ
237 705 311 790 περὶ
321 699 384 789 τήν
395 700 513 788 ἑορτήν
523 698 707 786 ἀδικήματα
718 700 825 790 τούτῳ
836 705 1061 788 πεπραγμένα,
1073 699 1127 787 ἐφ’

171 794 219 880 οἷς
231 797 335 868 αὐτόν
346 798 604 888 προύβαλόμην,
622 797 717 866 ταῦτ’
731 804 837 884 ἐστιν,
856 791 1127 887 όάνδρεςἈθη-

171 913 274 985 ναῖοι,
298 902 353 969 καὶ
369 896 469 969 πόλλ’
485 902 596 985 ἕτερα,
619 890 669 966 οἷν
684 895 739 967 όσ’
756 892 800 965 οἷν
818 895 887 977 οἷός
904 925 939 966 τε
951 890 978 966 ά
990 901 1127 986 διέξειμι

171 995 254 1082 πρὸς
266 996 352 1084 ῦμοῖς
363 997 481 1066 αὐτίκα
493 996 533 1084 δή
544 997 641 1083 μάλα.
661 1002 723 1083 ἔχω
734 996 770 1066 δέ
782 999 953 1083 λέγεινκαὶ
964 1006 1127 1085 πονηρίας

171 1096 281 1179 ἐτέρας
291 1104 500 1183 παμπληθεῖς
511 1094 617 1163 αὐτοῦ
628 1098 683 1164 καί
692 1093 807 1181 ὕβρεις
818 1103 862 1176 είς
873 1095 1017 1177 πολλοῦς
1027 1095 1127 1184 ῦμιῦν

128 1213 163 1266 20
172 1195 227 1271 καὶ
239 1193 429 1281 τολμήματα
439 1203 502 1263 τοῦ
511 1203 635 1282 μιαροῦ
644 1195 767 1262 τοῦτον
777 1195 884 1264 πολλά
892 1198 948 1264 καὶ
957 1195 1061 1283 δεινά,
1073 1194 1124 1282 ἐφ’

172 1288 221 1372 οἷς
230 1300 300 1360 τῶν
310 1292 531 1363 πεπονθότων
541 1299 576 1364 οί
583 1294 660 1381 μὲν,
674 1287 701 1362 οδ
712 1293 832 1380 ἄνδρες
843 1298 1009 1382 δικασταὶ,
1021 1322 1126 1364 κατα-

172 1396 338 1473 δείσαντες
354 1401 476 1463 τοῦτον
492 1397 548 1463 καί
564 1392 601 1462 τό
619 1392 741 1462 τοῦτον
757 1393 885 1477 θράσος
895 1393 1039 1474 καὶτοὺς
1049 1395 1126 1478 περὶ

171 1489 275 1559 αὐτόν
291 1494 441 1579 ἑταίρους
458 1496 513 1560 καὶ
529 1501 676 1560 πλοῦτον
692 1495 747 1560 καί
757 1491 862 1561 τάλλα
879 1490 920 1580 δή
937 1491 1001 1562 όσα
1018 1491 1126 1576 πρόσ-

172 1608 241 1656 εστι
250 1590 373 1679 τούτῳ,
392 1589 534 1677 ἡσυχίαν
545 1596 657 1677 ἔσχον,
670 1595 704 1658 οί
713 1588 746 1658 δ’
757 1591 1018 1679 ἐπιχειρήσαντες
1028 1595 1126 1677 δίκην

171 1689 356 1775 λαμβάνειν
377 1687 440 1758 οῦκ
468 1690 701 1776 ἐδυνήθησαν,
724 1692 785 1759 είσὶ
807 1688 840 1758 δ’
863 1697 897 1759 οἳ
916 1688 1123 1776 διελύσαντο,

172 1795 251 1866 ίσως
265 1796 449 1857 λυσιτελεῖν
458 1786 649 1877 ήγοῦμενοι.
682 1785 746 1876 τήν
755 1783 892 1875 μὲνοῦν
910 1786 994 1872 ὑπὲρ
1011 1783 1126 1854 αὐτῶν

172 1891 268 1973 δίκην
283 1893 415 1975 ἔχουσιν
432 1893 467 1957 οἵ
479 1914 518 1975 γε
534 1890 743 1968 πεισθέντες·
765 1897 823 1974 τής
840 1886 874 1955 δ’
890 1883 1052 1972 ὑπὲρτῦν
1062 1884 1126 1954 νό-

170 2011 260 2071 μων,
283 1983 342 2066 οῦς
353 1986 504 2074 παραβάς
515 1979 614 2067 οὗτος
624 1985 798 2080 κάκείνους
808 1985 914 2074 ήδίκει
924 1989 978 2054 καὶ
990 1992 1056 2055 νῦν
1067 1985 1124 2071 ἐμὲ

125 2096 159 2149 21
170 2086 226 2152 καὶ
236 2082 361 2165 πάντας
370 2083 450 2166 τοῦς
461 2085 598 2172 ἄλλους,
610 2084 703 2173 ὑμεῖς
713 2084 783 2154 ἐστὲ
794 2085 1005 2172 κληρονόμοι.
1035 2082 1124 2151 πάν-

168 2208 237 2251 των
249 2175 314 2250 οῦν
325 2179 463 2268 ἁθρόων
473 2189 511 2253 ἓν
521 2192 643 2272 τίμημα
655 2183 854 2270 ποιήσασθε,
866 2181 886 2251 ό
896 2210 928 2250 τι
939 2177 983 2250 άν
993 2185 1124 2249 δίκαιον

167 2278 305 2368 ήγήσθε.
329 2282 482 2368 ἐξελέγξω
495 2283 530 2352 δὲ
541 2282 747 2368 πρῶτονμὲν
757 2280 819 2350 ὅσα
831 2278 931 2361 αὐτὸς
942 2277 1122 2368 ὑβρίσθην,

168 2377 278 2448 ἔπειθ’
292 2379 355 2447 ὅσα
367 2379 476 2467 ὑμεῖς·
500 2380 580 2467 μετά
590 2390 694 2450 ταῦτα
705 2383 741 2449 δὲ
755 2383 810 2449 καί
819 2379 879 2448 τόν
891 2379 1009 2463 άλλον,
1021 2372 1048 2448 ό
1061 2379 1124 2446 άν-

170 2474 439 2562 δρεςἎθηναῑοι,
461 2485 538 2564 βίον,
548 2478 654 2547 αὐτοῦ
664 2479 773 2545 πάντα
785 2478 941 2562 ἐξετάσω,
962 2480 1017 2546 καὶ
1029 2482 1124 2558 δείξω

152 2581 303 2642 ’πολλῶν
320 2575 495 2659 θανάτων,
518 2574 579 2662 οῦχ
597 2574 671 2655 ἑνός
687 2575 768 2644 όντα
779 2575 881 2654 άξιον.
902 2575 987 2659 Λέγε
998 2601 1054 2661 μοι
1063 2575 1125 2661 τήν

169 2681 230 2741 τοῦ
241 2673 427 2760 χρυσοχόου
439 2676 576 2762 πρωτην
585 2673 701 2762 λαβών
711 2679 905 2761 μαρτυρίαν.

531 2837 757 2894 MAPTYPIA.

124 2955 159 3008 22
271 2944 467 3052 [Παμμένης
484 2947 663 3027 Παμμένους
673 2939 803 3028 Ερχιεῦς
825 2945 879 3024 ἐγω
892 2950 1126 3047 χρυσοχοειον
1093 2943 1126 3006 ἐ

209 3033 246 3114 τή
245 3020 373 3137 ἣάγορᾷ,
397 3027 429 3091 ἓν
444 3055 467 3116 ω
454 3020 694 3131 καταγίγνομαι
708 3029 759 3092 καί
775 3025 931 3112 ἐργάζομαι
950 3024 1004 3133 τήν
1017 3045 1123 3112 χρυσο-

210 3125 315 3194 γοϊκην
326 3091 439 3194 τέχνην.
447 3093 598 3188 ἐκδόντος
609 3114 642 3176 δέ
651 3138 701 3194 μοι
709 3102 966 3221 Δημοσθένους,
942 3138 965 3175 ω
974 3115 1122 3213 μαρτυρῶ,
1132 3131 1177 3184 525

211 3197 357 3275 στέφανον
367 3203 496 3299 χρυσοῦν
507 3192 579 3260 ὥστε
588 3195 805 3260 κατασκευάσαι
816 3222 866 3260 και
857 3175 993 3299 ἱμάτιον
1002 3188 1123 3295 διάχρυ-

212 3296 265 3341 σον
279 3285 411 3382 ποιήσαι,
422 3275 502 3356 όπως
511 3276 678 3362 πομπεῦσαι
688 3273 769 3343 ἐν’
732 3288 833 3356 αυτοῖς
843 3272 898 3361 τήν
908 3304 961 3344 τον
947 3274 1123 3340 Διονύσου

210 3357 347 3507 πομπήν,
371 3364 422 3426 καί
437 3364 508 3446 ἐμοῦ
525 3358 800 3439 συντελέσαντος’
763 3358 839 3428 αυτά
856 3389 907 3427 και
897 3363 1043 3464 ἔχοντος
1052 3381 1115 3442 παρ

212 3445 327 3532 ἐμαυτω
313 3445 445 3529 ἕτοιμα,
455 3443 632 3531 εἰσπηδήσας
638 3471 712 3533 προς
722 3473 757 3530 με
766 3471 883 3532 νυκτωρ
889 3437 1043 3519 Μειδίας
1030 3469 1047 3508 ο
1058 3468 1123 3528 κρι-
