2370 3854
276 219 419 280 ΚΑΤΑ
453 220 851 285 ΤΙΜΟΚΡΑΤΟΤΣ.
977 225 1039 289 261

85 381 246 448 τεθνάναι
264 384 398 458 δικαίως
415 378 458 446 άν
474 405 530 465 μοι
548 385 700 448 δοκοῦσι·
723 386 779 451 καὶ
795 381 860 470 γάρ
871 389 1041 473 ἱεροσυλίᾳ

85 482 140 547 καὶ
158 477 291 566 ἀσεβείᾳ
307 478 362 546 καὶ
378 482 486 563 κλοπῇ
503 481 559 545 καὶ
577 487 658 547 πάσι
668 494 736 558 τοῖς
748 480 947 561 δεινοτάτοις
958 485 1041 551 είσὶν

86 585 201 662 ἔνοχοι.
234 573 274 642 τὰ
291 576 352 660 μὲν
369 568 435 643 οὖν
451 574 552 643 πόλλ’.
570 569 619 643 εδν
635 580 741 661 λέγων
756 580 945 665 ἐφενάκιζεν
957 579 1042 668 ὑμᾶς

83 672 280 760 Ἀνδροτίων
299 681 501 758 παραλείψω·
530 674 639 760 φήσας
656 674 689 744 δ’
708 675 867 764 ἀπορρεῖν
878 676 919 745 τὰ
931 678 1041 764 φύλλα

84 781 152 840 τῶν
160 772 336 859 στεφάνων
344 775 399 841 καί
407 770 556 855 σαπροὺς
565 772 650 841 εἶναι
659 773 713 842 διὰ
721 774 781 844 τόν
788 774 921 862 χρόνον,
930 774 1040 859 ὥσπερ

85 881 145 938 Ιων
156 867 176 956 ἢ
187 871 298 955 ῥόδων
308 870 417 953 ὄντας,
427 868 494 938 ἄλλ’
506 868 548 941 οὐ
559 881 710 958 χρυσίου,
720 875 945 959 συγχωνεύειν
952 880 1041 942 ἐπει-

84 990 150 1035 σεν.
173 970 318 1052 αἱρεθεὶς
330 966 359 1034 δ’
374 972 426 1036 ἐπὶ
436 977 540 1037 ταῦτα
551 977 743 1055 προσείλετο
753 982 875 1040 τοῦτον
884 971 945 1041 τὸν
955 971 1041 1040 πάν-

30 1083 150 1136 178των
159 1075 228 1133 τῶν
238 1074 353 1135 κακῶν
362 1069 538 1135 κοινωνόν.
567 1061 643 1157 κᾷτ’
655 1072 708 1137 ἐπὶ
718 1069 779 1155 μέν
789 1086 860 1148 ταῖς
871 1077 1041 1157 εἰσφοραῖς

82 1166 142 1234 τὰν
153 1165 315 1252 δημόσιον
324 1181 479 1248 παρεῖναι
488 1170 720 1250 προσέγραψεν
731 1165 776 1245 ως
787 1166 827 1253 δὴ
841 1171 967 1246 δίκαιος
980 1162 1039 1251 ὦν,
1140 1198 1144 1204 ·

83 1256 280 1341 ὦνέκαστος
291 1261 513 1348 ἀντιγραφεὺς
524 1268 660 1348 ἔμελλεν
670 1271 807 1333 ἔσεσθαι
816 1275 884 1333 των
895 1271 1040 1349 είσενεγ-
1154 1259 1157 1263 ’

83 1362 229 1428 κόντων·
251 1363 303 1427 ἐπὶ
322 1376 390 1438 τοῖς
400 1359 577 1445 στεφάνοις
588 1360 632 1446 δ’,
655 1359 714 1441 οὓς
724 1365 941 1450 κατέκοπτεν,
965 1362 1038 1449 οὐχὶ

84 1459 273 1546 προσήγαγε
295 1455 395 1525 ταύτὸ
420 1462 550 1527 δίκαιον
569 1466 686 1545 τοῦτο,
710 1457 781 1527 ἀλλ’
802 1460 902 1539 αὐτὸς
917 1463 1037 1549 ῥήτωρ,

31 1573 74 1628 179
82 1557 279 1645 χρυσοχόος,
295 1565 428 1643 ταμίας,
452 1555 833 1645 άντιγραφεδςγέγονεν.
867 1563 921 1627 καί
932 1557 1041 1645 μὴνεί

82 1657 144 1741 μὲν
155 1654 273 1723 ἅπαντ’
285 1654 414 1742 ἠξίους,
437 1655 500 1724 ὅσοι
510 1657 664 1742 πράττεις
673 1664 715 1744 τῇ
725 1655 836 1742 πόλει,
859 1664 972 1746 σαυτῷ
984 1681 1040 1724 πι-

83 1755 222 1836 στεύειν,
235 1750 297 1822 οὐκ
308 1749 352 1821 άν
363 1751 484 1840 ὁμοίως
493 1758 634 1841 κλέπτης
646 1750 695 1821 οἳν
707 1757 843 1840 ἐφωρῶ·
866 1761 932 1822 νῦν
944 1753 973 1822 δ’
987 1757 1040 1823 ἐπὶ

82 1865 151 1930 ταῖς
163 1857 332 1938 είσφοραίς
343 1849 363 1920 δ
374 1853 504 1921 δίκαιόν
512 1851 589 1921 ἐσθ’
602 1851 731 1939 ὁρίσας,
744 1853 788 1939 μὴ
799 1856 852 1921 σοὶ
861 1855 1039 1943 πιστεύειν,

83 1948 166 2016 ἀλλὰ
178 1964 245 2029 τοῖς
257 1947 358 2036 αὑτῆς
369 1950 501 2030 δούλοις
511 1953 573 2038 τὴν
584 1952 692 2038 πόλιν,
700 1949 790 2020 ὁπότ’
802 1951 882 2021 ἄλλο
893 1978 925 2020 τι
935 1952 1041 2039 πράτ-

82 2075 149 2114 των
160 2050 214 2116 καί
225 2049 375 2135 χρήματα
385 2056 489 2117 κινῶν
501 2049 583 2135 ἱεροὶ,
597 2042 645 2117 οἷν
657 2055 728 2117 ἐνια
739 2048 814 2117 οὐδ’
828 2053 881 2118 ἐπὶ
892 2059 949 2136 τῆς
958 2048 1040 2136 ἡμε-
1048 2077 1101 2136 75⁶

82 2148 177 2228 τέρας
186 2153 303 2230 γενεᾶς
314 2144 474 2232 άνετέδη,
492 2146 536 2234 μή
549 2148 848 2233 προσγραψάμενος
860 2173 922 2233 την
933 2146 1040 2233 αὐτὴν

83 2242 272 2329 φυλακὴν’
249 2268 356 2328 ηνπερ
368 2247 421 2311 ἐπὶ
431 2270 499 2311 των
511 2251 681 2330 είσφορων
690 2252 818 2331 φαίνει,
831 2243 894 2314 οὐκ
905 2244 968 2331 ἤδη
979 2250 1040 2358 δῆ-

31 2350 144 2418 sol-ov
161 2338 235 2408 δι’
226 2338 341 2408 ὀτοῦτ
345 2339 537 2427 ’ἐποίησαςς
560 2340 671 2462 ἐγοδ
636 2368 697 2428 μεν
709 2341 807 2429 οἶμαι
839 2341 946 2411 καὶ
905 2369 1037 2428 μην,

82 2438 201 2523 ἄνδρες
217 2438 404 2526 Ἀθηναῖοι,
427 2441 483 2507 καὶ
503 2440 586 2507 κατὰ
604 2439 728 2519 παντὸς
745 2449 807 2508 τοῦ
821 2440 947 2528 χρόνον
963 2446 1040 2508 σκέ·

83 2535 237 2617 ψασθε’
214 2565 258 2616 ως
275 2535 360 2606 καλά
377 2540 432 2605 καὶ
450 2537 576 2624 ζηλωτὰ
592 2538 821 2625 ἐπιγράμματα
837 2546 896 2625 τῆς
911 2539 1039 2617 πόλεως

82 2633 212 2703 άνελιδν
231 2633 275 2713 ως
292 2633 396 2722 ἀσεβῆ
412 2633 571 2704 καὶδεινίι
583 2634 841 2756 ἀντεπέγραψεν.
874 2634 1038 2722 οἷμαιγάρ

83 2731 170 2818 ὑμᾶς
188 2733 337 2813 ἅπαντας
354 2731 440 2820 ὁρᾶν
459 2732 525 2803 ὑπὸ
537 2761 606 2802 των
616 2736 874 2821 στεφάνωνταίς
884 2744 1038 2822 χοινικίσι

82 2832 236 2898 κάτοιδεν
253 2836 463 2919 γεγραμμένα
475 2829 533 2901 “οί
548 2833 712 2920 σύμμαχοι
723 2831 784 2902 τδν
795 2833 1038 2921 δῆμονάνδρα-

79 2927 262 3013 “γαδίας“
243 2954 318 2997 ενεκ
323 2929 590 3017 ’ἐστεφάνωσαν
611 2934 667 3000 καί
688 2930 921 3017 δικαιοσάνης”
944 2927 966 3016 ἦ
985 2928 1041 2997 “οί

78 3024 95 3049 ‘
87 3024 266 3112 σνμμαχοι
273 3025 441 3112 αριστεῑον
448 3057 487 3120 τη
474 3028 654 3120 Αθηναια
662 3025 871 3102 ανέδεσαν
848 3029 963 3114 ηκατίι
974 3027 1039 3095 πό-

83 3123 169 3205 λεις
171 3123 218 3193 οί
235 3126 389 3205 δεῖνες
354 3153 415 3195 τον
433 3129 785 3215 δῆμονέστεφάνωσαν
797 3122 1038 3204 σωθέντεςὺπδ

79 3224 160 3294 “tofi
180 3222 315 3312 δήμου,”
340 3223 414 3294 οἷον
426 3224 587 3314 ’Ἑάβοεῐς
602 3227 886 3312 ἐλευθερωθέντες
897 3223 1040 3311 ἐστεφά-

77 3322 213 3394 “νωσαν
230 3323 290 3394 τὸν
307 3324 430 3412 δῆμον”
448 3326 670 3413 ἐπεγέγραπτό
681 3348 748 3393 που
754 3375 764 3408 ,
786 3318 1039 3391 πάλιν“Κίνων

79 3423 166 3492 “aad
177 3433 236 3510 τῆς
246 3429 430 3510 ναυμαχίας
441 3433 499 3510 τῆς
514 3427 598 3509 πρὸς
607 3418 925 3510 Λακεδαιμονίους,”
946 3418 1039 3490 “Xaw

1065 3552 1130 3598 „fl
