2370 3854
104 220 166 286 146
304 223 399 280 xxm
436 219 858 285 ΔΗΜΟΣΘΕΝΟῬΣ

104 378 317 489 έξέηιιβουλης’
312 379 546 486 Αριστοηράτην
545 386 725 487 γεγραφέναι
733 381 766 450 τό
760 383 929 492 ψήφισμα,
943 390 996 454 ἴνα
1005 416 1062 474 μη-

104 467 237 546 δενὸς
197 495 256 533 των
265 461 438 552 βασιλέων’
420 474 613 569 αναιρούντος
625 463 717 533 αὐτόν
728 467 862 558 φόβφ
824 497 878 554 της
887 473 1000 550 πόλεως
1009 499 1060 538 πε-

105 551 244 702 ριπιηηση
255 555 459 640 Κερσοβλέπτῃ
469 549 562 614 πάλιν
573 549 771 636 Χερρόνησον.
793 563 921 620 τοσαῦτα
930 560 1047 643 περὶ
1010 584 1062 643 της

103 663 162 702 οπο
203 657 282 712 σεως.

187 779 346 868 Μηδείς“
329 789 442 866 υμῶν,
466 773 625 863 άάνδρες
633 780 821 866 Ἀθηναῖοι,
843 790 964 871 νομίσῃ
980 784 1062 872 μήτε

104 888 188 962 ι’δίας
199 888 320 968 ἔχθρας
331 879 386 964 ἐμέ
399 882 559 965 μηδεμιᾶς
575 876 661 964 ἕνεχ’
681 877 776 966 ἥκειν
788 876 1061 967 Ἀριστοκράτους

104 977 374 1065 κατηγορήσοντα
391 982 544 1062 τουτουί,
567 977 649 1063 μήτε
665 976 786 1064 μικρὸν
804 976 937 1064 ὁρῶντά
952 1007 985 1048 τι
1006 984 1061 1049 καί

105 1087 238 1166 φαύλου
250 1076 426 1164 ἁμάρτημα
439 1077 574 1161 ἑτοίμως
585 1076 692 1156 οὕτως
703 1079 755 1146 ἐπὶ
772 1076 880 1168 τούτῳ
897 1081 1061 1166 προάγειν

103 1174 250 1265 ἐμαυτόν
262 1182 307 1255 είς
319 1174 518 1262 ἀπέχθειαν,
541 1173 615 1242 ἀλλ’
628 1186 720 1263 είπερ
732 1175 786 1261 ἀρ’
799 1175 912 1263 ὀρθῶς
923 1176 988 1264 ἐγώ
1001 1187 1060 1247 λυ-

102 1284 231 1365 γίζομαι
249 1280 304 1344 καί
321 1283 451 1360 σκοπῶ,
474 1272 558 1359 ὑπὲρ
577 1282 639 1342 τοῦ
650 1274 866 1361 Χερρόνησον
876 1280 962 1361 ἔχειν
973 1273 1060 1364 ὑμᾶς

103 1378 260 1464 ἀσφαλῶς
267 1378 322 1445 καὶ
330 1375 374 1463 μη
386 1377 704 1460 παρακρουσθέντας
714 1371 985 1462 ἀποστερηθῆναι
994 1376 1060 1443 πά-

77 1488 156 1559 γῖιν
168 1477 284 1563 αὐτῆς,
298 1481 372 1561 περὶ
383 1476 506 1543 τούτου
516 1481 576 1560 μοί
583 1477 673 1542 ἐστιν
684 1471 796 1540 άπασα
806 1470 827 1560 ἡ
839 1474 981 1561 σπουδή.
1010 1481 1063 1544 δεῖ

103 1577 143 1661 δη
156 1577 282 1653 πάντας
293 1573 396 1660 ύμάς,
419 1580 450 1642 εί
458 1573 626 1660 βούλεσθε
637 1570 750 1656 ὀρθῶς
761 1576 836 1658 περὶ
847 1572 978 1642 τούτων
994 1602 1060 1661 μα-

101 1685 178 1742 θεῖν
188 1677 244 1742 καὶ
256 1671 339 1741 κατά
350 1670 429 1750 τούς
440 1672 567 1757 νόμους
579 1675 711 1749 δικαίως
721 1685 832 1756 κρῖναι
842 1669 1057 1761 τηνγραφὴν,

102 1772 146 1860 μη
164 1772 271 1859 μόνον
288 1786 356 1851 τοῖς
374 1775 613 1858 γεγραμμένοις
632 1774 726 1862 ἐντῷ
736 1780 923 1859 ψηφίσματι
935 1770 1058 1861 ῥήμασι

103 1873 293 1957 προσέχειν,
317 1868 399 1938 ἀλλὰ
419 1872 473 1938 καὶ
490 1868 531 1937 τά
549 1870 787 1957 συμβησόμενα
804 1873 837 1952 ἐξ
855 1869 1058 1941 αύτιινσκο-

102 1985 187 2037 πεῖν.
215 1975 246 2037 εί
255 1968 391 2056 μὲνγὰρ
403 1961 447 2055 ἦν
459 1966 644 2036 ἀκούσασιν
655 1965 762 2048 εύθύς
772 1972 894 2038 εἰδέναι
905 1969 945 2039 τά
957 1997 1058 2040 κεκα-
1067 1981 1106 2037 ῖῖῖ

76 2071 324 2157 ςκουργημένα,
333 2068 394 2155 τὴν
405 2066 511 2155 ἀρχὴν
523 2079 601 2147 ίσως
609 2064 653 2136 ἀν
663 2065 725 2137 ούκ
734 2069 958 2156 ἐξηπάτησθε·
970 2073 1059 2139 ἐπει-

102 2167 143 2256 δὴ
162 2169 198 2237 δέ
216 2167 317 2237 τοῦθ’
336 2171 373 2237 έν
389 2171 457 2236 ἐστι
473 2176 542 2236 τῶν
558 2165 788 2256 ἀδικημάτων,
811 2167 848 2238 τό
866 2176 988 2239 τοῦτον
998 2169 1059 2239 τόν

101 2269 229 2358 τρόπον
250 2269 305 2336 καί
327 2270 435 2355 λέγειν
456 2271 512 2335 καὶ
532 2269 677 2355 γράφειν
697 2271 806 2347 ἐνίους
822 2266 864 2336 δν
880 2265 923 2336 ἀν
940 2267 1058 2357 ἥκιστα

101 2367 193 2454 ὑμεῖς
204 2366 383 2438 ὑπίδοισθέ
391 2395 423 2435 τι
435 2371 490 2436 καί
502 2369 724 2454 φυλάξαισθε,
737 2366 896 2454 προσήκει
906 2367 950 2455 μη
964 2368 1058 2436 πάνυ

100 2469 303 2552 θαυμάζειν,
327 2475 357 2534 εί
367 2469 422 2535 καὶ
439 2474 538 2535 τούτο
555 2464 591 2533 τό
612 2468 765 2553 ψήφισμα
781 2464 875 2555 ἡμεῖς
892 2464 983 2535 οὕτω
999 2494 1057 2553 γε·
1100 2508 1103 2513 ·

100 2570 293 2650 γραμμένον
315 2567 518 2650 ἐπιδείξομεν
540 2562 624 2631 ιόστε
653 2570 764 2633 δοκεῖν
792 2567 854 2652 μέν
874 2566 1056 2655 Χαριδήμῳ

102 2664 259 2750 φυλακην
271 2690 344 2730 τινα
355 2670 416 2730 τοῦ
428 2662 580 2748 στόματος
591 2665 731 2751 διδόναι,
743 2663 806 2751 τὴν
819 2662 863 2744 ὡς
873 2663 1010 2752 ἀληθῶς
1021 2667 1057 2735 δὲ

102 2767 234 2828 δικαίαν
245 2766 299 2828 καί
310 2767 448 2848 βέβαιον
460 2761 616 2850 φυλακην
627 2763 845 2849 Χερρονήσου
854 2771 912 2850 τῆς
928 2764 1057 2844 πόλεως

76 2857 304 2943 σάποστερεῖν.
345 2861 480 2940 είκότως
492 2859 525 2928 δ’
538 2857 597 2949 ἀν,
623 2856 977 2951 άάνδρεςἉθηναῖοε,
1000 2866 1056 2932 καί

101 2960 295 3045 προσέχοιτέ
309 2986 365 3045 μοι
383 2958 443 3028 τὸν
454 2968 540 3029 νοῦν
552 2965 607 3031 καί
617 2961 688 3048 μετ’
701 2959 833 3041 εύνοίας
844 2960 1022 3032 ἀκούσαιτε
1034 2964 1056 3029 ά

100 3059 194 3142 λέγω.
231 3058 341 3145 ἐπειδὴ
359 3056 424 3145 γάρ
443 3058 516 3147 ούχί
530 3070 600 3130 τοῖν
616 3060 845 3146 ἐνοχλούντων
867 3060 954 3150 ὑμᾶς
975 3060 1055 3132 οὐδὲ

99 3163 167 3222 τῶν
186 3160 452 3244 πολιτευομένων
468 3165 524 3228 καί
540 3161 788 3246 πιστευομένων
804 3159 883 3248 παρ’
902 3160 983 3248 ὑμῖν
1006 3157 1055 3230 οέν

100 3261 234 3341 πρᾶγμα
255 3258 453 3343 τηλικοῦτόν
470 3285 555 3346 φημι
573 3264 692 3340 δείξειν
708 3263 958 3348 πεπραγμένον,
981 3257 1053 3344 έάν,

99 3351 181 3420 ὅσον
193 3357 282 3423 ἐστίν
293 3359 330 3424 έν
340 3354 432 3444 ύμῖν,
444 3362 725 3444 συναγωνίσησθέ
732 3387 788 3444 μοι
801 3363 857 3429 καὶ
867 3360 1054 3445 προθύμως

99 3448 276 3541 ἀκούσητε,
286 3456 387 3523 τούτό
397 3483 433 3524 τε
447 3456 569 3523 σοι’σετε
580 3459 635 3525 καί
645 3459 797 3546 ποιήσετε
807 3458 852 3549 μὴ
866 3472 1052 3540 κατοκνεῖν,
