2370 3854
272 211 417 272 ΚΑΤΑ
453 211 849 273 ΤΙΜΟΚΡΑΤΟῬΣ.
970 211 1033 277 257

78 376 115 440 ἐν
125 370 204 460 ὑμῖν
215 368 306 439 δεινά
318 374 372 438 καλ
384 370 577 457 παράνομα,
600 368 645 441 δι’
658 366 910 460 ύνήργολάβει,
928 393 1034 459 προσ-

33 480 202 558 ολαγωγεί
220 471 327 559 τούτφ
347 470 517 555 χριόμενος
539 476 608 536 τῶν
631 472 818 557 λημμάτων.
850 476 905 540 καλ
927 464 1033 540 πολλά

78 576 147 635 των
163 565 333 652 ὑμετέρων
349 569 491 652 κέκλοφε
509 564 590 652 μετὰ
601 568 734 655 τούτου,
746 570 877 653 γράψας
886 571 964 648 τούς
977 572 1034 638 έν-

79 672 158 734 δεκα
175 663 325 742 καὶτοὺς
343 661 526 742 ἀποδέκτας
542 666 597 731 καλ
613 662 692 743 τοὺς
708 663 874 752 ὑπηρέτας
890 665 1034 734 άκολον-

78 775 155 831 θεῖν
172 760 249 848 μεθ’
263 759 378 829 αὑτοῦ.
413 759 471 829 εἶτ’
485 766 568 846 έχων
578 762 720 842 τούτους
729 757 812 849 ἦγεν
822 766 874 832 ἐπὶ
884 763 942 843 τάς
953 762 1034 850 ὑμε-

80 866 174 948 τέρας
185 867 305 946 οἰκίας,
328 858 454 944 καλσδ,
480 852 739 946 ύΤιμόκρατες,
761 862 1033 948 συνηκολούθεις,

80 961 182 1046 μόνος
192 965 261 1025 τόν
271 955 509 1042 συναρχόντων
521 959 599 1026 δέκα
611 957 727 1026 όντων.
763 961 818 1026 καλ
827 962 939 1045 μηδεὶς
949 958 1035 1028 ύπο·

81 1060 274 1145 λαμβανέτω
301 1081 342 1143 με
370 1059 478 1139 λέγειν
499 1053 544 1134 τός
566 1054 607 1124 ού
628 1065 711 1142 χρῆν
732 1056 938 1140 εἰσπράττειν
959 1057 1036 1138 τούς
1045 1070 1093 1125 751

81 1154 283 1241 ὀφείλοντας.
317 1162 402 1242 χρῆν
417 1152 492 1239 γάρ.
525 1152 609 1221 άλλά
630 1163 716 1234 mm
738 1153 782 1233 ως
802 1153 819 1222 ὁ
837 1157 938 1240 νόμος
955 1154 1036 1242 άγο-

82 1255 188 1342 ρεύει,
210 1262 278 1322 των
294 1251 405 1321 άλλων
422 1254 534 1320 ἕνεκα·
557 1261 655 1321 τοῦτο
672 1254 737 1338 γάρ
755 1256 823 1321 ἐστι
846 1256 1034 1342 δημοτικόν.

82 1351 198 1436 οὐγὰρ
209 1360 386 1436 τοσοῦτον,
400 1343 426 1418 ό
438 1349 744 1437 άνδρεςἈθηναῑοι,
756 1357 853 1420 πέντε
864 1355 1037 1421 ταλάντων

81 1450 178 1535 ὑμῖν,
192 1442 240 1516 ὧν
252 1441 345 1517 οὗτοι
355 1446 426 1517 τότ’
438 1450 649 1534 εἰσέπραξαν,
669 1454 837 1518 τεθέντων
849 1448 1035 1536 ὠφέλησθε,

82 1548 165 1615 ὅσον
181 1548 355 1633 βέβλαφθε
365 1544 528 1614 τοιούτων
537 1551 629 1616 ἐθῶν
640 1554 686 1626 είς
694 1549 757 1635 τὴν
767 1554 935 1617 πολιτείαν
947 1555 1038 1617 είσα-

33 1648 240 1731 ,63γομένων
261 1652 292 1714 εί
301 1647 366 1731 γάρ
378 1643 517 1714 ἐθέλοιτ’
531 1646 678 1727 ἐξετάσαι
695 1654 784 1727 τίνος
801 1651 899 1716 ἕνεκα
909 1656 1038 1735 μᾶλλον

81 1744 124 1811 ι’ίν
134 1771 181 1821 τις
192 1744 298 1810 έλοιτο
310 1744 346 1809 ἐν
358 1747 561 1832 δημοκρατίᾳ
572 1741 663 1831 ζῆνῆ
681 1749 717 1813 ἐν
736 1743 923 1836 ὀλιγαρχία,
944 1753 1035 1813 τοῦτ’

81 1839 124 1909 δν
141 1839 270 1926 εὕροιτε
288 1842 560 1928 προχειρότατον,
583 1842 634 1911 ότι
650 1843 759 1912 πάντα
770 1845 938 1931 πραότερά
949 1849 1039 1913 ἐστιν

81 1944 119 2008 ἐν
131 1943 342 2027 δημοκρατία.
362 1939 413 2008 ότι
424 1940 484 2025 μὲν
495 1948 613 2009 τοίνυν
622 1950 679 2029 τῆς
690 1941 777 2011 ὅπου
789 1943 956 2030 βούλεσθε
967 1940 1039 2010 ὀλι-

81 2044 216 2123 γαρχίας
234 2044 345 2125 πολλῷ
358 2035 576 2124 ἀσελγέστερα
586 2042 642 2109 καὶ
651 2041 820 2125 δεινότερα
831 2047 966 2111 ἐποίουν
977 2031 1037 2108 ού-

82 2161 147 2219 τοι,
171 2141 379 2218 παραλείψω·
403 2133 486 2203 άλλδι
505 2135 587 2221 παρ’
603 2135 683 2222 ἡμίν
694 2138 775 2206 πότε
784 2141 917 2207 πωποτε
928 2137 1038 2205 δεινό-

81 2259 162 2300 τατα
185 2236 221 2299 ἐν
242 2238 281 2316 τῇ
300 2232 394 2299 πόλει
411 2234 564 2315 γέγονεν,
586 2227 626 2299 εύ
643 2232 706 2301 οἷδ’
725 2234 777 2301 ότι
794 2236 846 2302 ἐπὶ
860 2243 928 2302 τῶν
944 2233 1038 2318 τριά-

33 2327 181 2410 ,φιιιονθ
196 2327 339 2404 ἅπαντες
350 2322 393 2393 άν
405 2336 535 2395 είποιτε.
554 2328 630 2396 τότε
641 2336 768 2414 τοίνυν,
781 2328 824 2408 ὡς
834 2337 924 2398 ἔστιν
934 2329 1038 2398 άκού-

83 2455 149 2511 ειν,
162 2423 271 2502 οὐδεὶς
283 2430 372 2492 ἔστιν
383 2424 473 2505 ὅστις
483 2423 691 2514 άπεστερεϊτο
703 2436 765 2495 τού
775 2436 937 2517 σωθῆναι,
949 2427 1039 2507 ὅστις

82 2524 203 2597 ἑαυτὸν
216 2533 303 2592 οίκοι
320 2523 496 2610 κρύψειεν,
518 2523 592 2593 ἄλλ’
613 2523 694 2594 αύτδ
706 2533 804 2598 τοῦτο
815 2536 1038 2615 κατηγοροῦσι

81 2635 150 2694 των
160 2624 347 2713 τριάκοντα,
361 2622 413 2691 ότι
423 2622 502 2703 τούς
513 2627 549 2693 ἐκ
561 2632 620 2711 τῆς
630 2622 753 2711 άγοράς
765 2622 886 2706 άδίκως
897 2626 1036 2713 άπηγον.

83 2717 175 2793 οὗτοι
185 2731 302 2792 τοίνυν
312 2723 479 2810 τοσαύτην
489 2721 680 2811 ὑπερβολὴν
692 2725 888 2811 ἐποιήσαντο
901 2728 1038 2793 ἐκείνων

82 2831 140 2909 τῆς
151 2821 265 2890 αὑτων
278 2828 438 2908 πονηρίας
467 2820 547 2890 ὅστ’
560 2826 598 2891 ἐν
609 2827 812 2911 δημοκρατίᾳ
823 2823 1028 2908 πολιτευόμε·

83 2945 137 2988 νοι
153 2918 215 3005 την
226 2924 313 2987 ίδίαν
324 2926 432 2988 οίκίαν
443 2920 568 3010 έκάστφ
582 2921 808 3006 δεσμωτήριον
818 2927 1036 3003 καθίστασαν,

33 3017 163 3095 1,σετούς
178 3015 286 3083 ἕνδεκ’
306 3016 442 3102 άγοντες
453 3021 504 3087 ἐπὶ
515 3017 573 3097 τάς
585 3024 697 3097 οίκίας.
731 3025 854 3105 καίτοι,
881 3010 1038 3102 εόάνδρες

82 3116 266 3202 Ἀθηναῖοι,
288 3121 322 3183 τί
336 3126 465 3203 οἴεσθε,
488 3115 585 3184 ὁπότ’
603 3116 784 3200 ἅνθρωπος
800 3121 917 3199 πένης,
941 3113 963 3199 ἦ
982 3129 1037 3181 και

85 3214 260 3297 πλούσιος,
282 3213 387 3282 πολλὰ
412 3213 441 3282 δ’
462 3211 642 3300 άνηλωκῶς
657 3221 716 3282 καί
730 3211 794 3280 τιν’
816 3221 895 3289 ίσως
911 3211 1037 3296 τρόπον

86 3314 217 3390 είκότως
230 3309 292 3379 ούκ
306 3312 461 3398 εύπορύν
472 3311 645 3398 ἀργυρίου,
657 3308 702 3398 μὴ
714 3309 820 3396 μόνον
830 3314 876 3386 είς
885 3305 946 3395 τὴν
957 3305 1039 3394 άγο·

86 3411 151 3498 ράν
163 3407 287 3498 φοβοῖτ’
301 3413 473 3497 ἐμβαλεῖν,
486 3408 569 3478 άλλά
579 3407 657 3495 μηδ’
672 3418 758 3478 οἴκοι
768 3409 881 3493 μένειν
893 3404 1040 3485 ἀσφαλές

128 3508 265 3560 Demosth.
287 3506 347 3557 Vol.
359 3506 396 3561 Il.
854 3503 886 3554 λλ
