2370 3854
143 230 204 292 102
350 235 420 290 XXI.
456 229 870 290 ΛΗΜΟΣΘΕΝΟΤΣ

138 388 298 478 Ἁρμοδίῳ
309 387 637 474 καὶἈριστογείτονι·
658 386 786 468 τούτοις
802 387 867 475 γὰρ
886 391 926 477 δη
939 393 1089 477 μέγισται

142 493 294 557 δέδονται
310 490 430 573 δωρεαὶ
446 486 520 570 παρ’
532 487 629 574 ὑμῶν
643 484 726 555 καῖ’
709 487 792 575 οπερ
805 493 977 574 μεγίστων
1009 489 1086 558 οὐδ’

141 582 391 673 ἀνῆυέσχεσθε,
407 592 438 654 εί
452 588 663 671 προσέγραψέ
677 611 725 665 τις
738 588 775 653 ἐν
786 612 827 674 τη
814 585 958 676 στήλη
958 586 1090 669 ἐξεῖναι

134 681 523 771 καλυβριζειναυτοῖς
534 680 839 771 ονανβουλωνται
840 683 988 774 υπδρ
950 714 1013 772 γαρ
1026 686 1089 755 αύ-

140 791 201 852 τοῦ
216 783 339 852 τούτου
353 782 413 863 τάς
426 782 528 862 ἀλλος
544 788 665 870 ἔλαβον
676 782 860 869 δωρεὰς,”
841 811 892 853 οτι
901 785 980 864 τούς
989 783 1090 871 ὑβρί-

141 887 422 962 ζονταςέπαυσαν.

80 994 130 1049 171.
215 979 286 1046 Ὅτι
296 986 411 1047 τοίνυν
422 983 476 1046 καὶ
487 980 677 1065 κεκόμισται
686 979 800 1064 χάριν,
822 973 978 1064 ἀάνδρες
986 979 1089 1065 Ἀθη-

140 1091 243 1162 ναῖοι,
265 1075 340 1158 παρ’
350 1074 462 1162 ὑμῶν,
485 1074 527 1144 ού
543 1076 649 1161 μόνον
666 1068 716 1143 οἷν
727 1072 1087 1163 αύτὸςλελειτούργηκε

140 1182 356 1258 λειτουργιῶν
372 1170 466 1253 ἀξίαν
484 1176 598 1261 (μικρά
615 1172 680 1260 γάρ
696 1173 780 1259 αύτη
799 1176 840 1257 γέ
853 1200 902 1252 τις
911 1167 980 1261 ἦν)
1003 1174 1088 1243 ἀλλὰ
1098 1179 1152 1232 579

139 1275 195 1340 καὶ
205 1280 273 1340 τῶν
283 1279 457 1359 μεγίστων,
468 1275 523 1341 καὶ
534 1280 631 1341 τοῦτο
641 1272 806 1360 βούλομαι
818 1277 928 1358 δεῖξαι,
940 1277 997 1340 ἵνα
1007 1272 1084 1391 μηδ’

140 1369 288 1455 ὀφείλειν
303 1375 423 1456 οἴησθέ
437 1398 469 1438 τι
479 1378 527 1462 τῷ
536 1372 754 1461 καταπτύστῳ
767 1372 883 1460 τούτῳ.
908 1370 1001 1456 ὑμεῖς
1011 1371 1087 1456 γὰρ,

24 1498 26 1503 ·
140 1459 313 1552 ωανδρες
309 1477 486 1554 Αθηναιοι,
503 1468 768 1556 ἐχειροτονησατε
779 1496 899 1538 τουτου
908 1496 967 1556 της
978 1493 1088 1555 παρα

59 1598 62 1602 ’
139 1574 201 1634 λου
212 1565 375 1650 ταμίαν,”
354 1593 435 1634 οντα
445 1592 599 1635 τοιουτου
610 1564 678 1645 οἷος
688 1570 766 1651 ἐστι,
785 1568 1088 1650 καίπάλινίππαρ-

138 1692 208 1753 χον,
221 1662 371 1750 ὀχεῖσθαι
381 1664 484 1733 διά
445 1690 503 1752 της
514 1664 637 1751 ἀγορᾶς
653 1680 723 1746 ταῖς
733 1679 877 1752 πομπαῖς
889 1692 930 1733 ου
920 1665 1088 1752 ’δυνάμε-

139 1791 211 1848 νον,
222 1766 277 1832 καὶ
289 1770 480 1850 μυστηρίων
491 1764 687 1851 ἐπιμελητὴν
697 1766 751 1833 καὶ
762 1764 930 1851 ίεροποιύν
940 1789 1018 1832 ποτε
1032 1767 1087 1832 καὶ

79 1873 130 1928 1⁷2
138 1862 290 1948 βοώνην,
312 1866 367 1929 καί
382 1863 423 1929 τά
439 1870 575 1931 τοιαῦτα
592 1864 642 1948 δή.
677 1862 744 1931 εἶτα
760 1863 842 1948 πρὸς
860 1870 928 1930 τῶν
944 1872 1036 1931 θεῶν
1049 1889 1086 1930 το

138 1959 200 2044 την
219 1965 278 2044 τῆς
300 1960 432 2044 φύσεως
447 1967 566 2028 κακίαν
583 1964 638 2028 καὶ
656 1960 840 2048 ἀνανδρίαν
857 1962 912 2029 καὶ
923 1969 1087 2046 πονηρίαν

138 2072 207 2135 ταῖς
217 2055 292 2140 παρ’
304 2054 399 2144 ὑμῶν
410 2055 522 2144 ἀρχαῖς
533 2062 587 2127 καὶ
598 2075 704 2146 τιμαῖς
718 2063 771 2128 καὶ
793 2067 1006 2146 χειροτονίαις
1027 2062 1087 2125 ἐπ-

137 2163 374 2240 ανορθοῦσθαι
384 2155 763 2246 μικράνύπολαμβάνετ’
777 2159 861 2226 εἶναι
884 2159 1013 2243 δωρεάυ
1031 2159 1087 2224 καὶ

136 2253 248 2339 χάριυ;
270 2257 326 2323 καί
335 2254 402 2342 μην
413 2265 446 2324 εί
453 2283 503 2336 τις
513 2254 619 2324 αύτού
628 2255 722 2324 ταῦτ’
735 2253 1087 2342 ἀφίλοιτο“ίππάρχη-

78 2349 211 2439 173“κα,
234 2362 292 2439 τῆς
308 2355 461 2440 παράλου
478 2365 594 2442 ταμίας
611 2354 766 2441 γε’γονα,”
790 2364 879 2434 τίνος
895 2354 999 2423 ἀλλον
1017 2352 1083 2421 ἔστ’

136 2450 226 2528 ἀξιος
237 2443 349 2530 οὖτος;
372 2451 456 2519 ἀλλά
473 2453 540 2537 μὴν
557 2452 692 2520 κάκεῖνό
709 2453 735 2536 γ’
749 2459 944 2535 ἐπίστασθε,
967 2453 1086 2538 ὄτιτης

135 2550 197 2631 μὲν
215 2545 368 2630 παράλου
391 2548 567 2630 ταμιεύσας
582 2555 781 2634 Κυζικηνῶν
795 2549 925 2634 ἥρπασε
947 2557 1041 2614 πλεῖν
1062 2548 1086 2636 ἢ

137 2647 234 2711 πέντε
244 2642 404 2730 τάλαντα,
416 2641 500 2729 ὑπὲρ
512 2637 561 2712 οἷν
570 2649 626 2712 ἵνα
637 2646 682 2732 μὴ
695 2650 742 2732 δῷ
755 2651 865 2733 δίκην,
889 2646 995 2713 πάντοι
1005 2648 1086 2737 τρόή

137 2765 202 2808 που
220 2751 398 2822 περιωθεῖν
414 2744 469 2809 καλ
486 2743 637 2810 ἐλαύνων
654 2745 732 2822 τούς
748 2742 950 2827 ἀνθρώπους
972 2747 1027 2812 καί
1043 2748 1084 2812 τά

137 2838 288 2923 σύμβολα
301 2845 450 2922 συγχέων
465 2837 527 2924 τὴν
537 2842 598 2924 μὲν
615 2841 714 2909 πόλιν
725 2841 851 2926 ἐχθράν
861 2850 900 2930 τῇ
919 2843 1012 2911 πόλει
1024 2869 1085 2911 πε-

137 2941 263 3019 ποίηκε,
274 2933 314 3000 τά
323 2935 471 3020 χρήματα
483 2934 514 3002 δ’
524 2935 623 3016 αύτὸς
634 2943 708 3024 ἔχει,
719 2945 881 3026 ἵππαρχος
892 2946 927 3009 δὲ
937 2968 1084 3026 χειροτο-

137 3035 252 3120 νηθεὶς
263 3035 462 3119 λελύμανται
479 3033 515 3103 τό
531 3039 669 3105 ίππικδυ
689 3037 800 3126 ὑμῶν,
823 3041 994 3119 τοιούτους
1010 3045 1082 3119 θεὶς

78 3154 130 3210 174
137 3131 262 3216 νόμους
273 3131 333 3210 οὓς
342 3132 443 3200 πάλιν
453 3131 751 3225 αύτὸςέξαρνοςῆυ
760 3138 804 3225 μη
816 3144 1008 3208 τεθεικέναι.
1028 3141 1083 3206 καὶ

136 3236 194 3315 τῆς
203 3230 266 3313 μὲν
278 3229 430 3313 παράλου
441 3235 609 3320 ταμιεύων
617 3238 703 3320 τότε,
711 3235 767 3304 ὅτε
780 3235 841 3322 την
852 3240 904 3305 ἐπὶ
916 3243 1082 3325 Θηβαίους

136 3331 250 3405 ἔξοδον
262 3333 307 3406 είς
318 3327 467 3416 Εὔβοιαν
482 3333 639 3402 ἐποιεῖσθ’
652 3332 755 3421 ὑμεῖς,
773 3339 902 3405 δώδεκα
913 3346 970 3421 τῆς
981 3337 1081 3405 πόλε-

136 3449 181 3503 ως
191 3425 335 3494 τάλαντα
346 3425 535 3500 ἀναλίσκειν
541 3435 683 3519 ταχθεὶς,
691 3431 874 3514 ἀξιούντων
880 3432 977 3519 ὑμῶν
987 3444 1080 3501 πλεῖν
