2370 3854
274 306 277 311 ¹
339 228 496 291 πεοε
515 230 741 295 Αοοοοω.
964 234 1026 298 337

50 391 422 478 Ἰδομαρτυρησοίμενος.
452 389 632 477 τεκμήριον
653 392 688 460 δέ
711 393 881 478 μέγιστον·
902 421 1028 481 μαρτυ-

76 497 159 575 ριῶν
174 489 239 578 γὰρ
258 492 359 558 πλέον
369 485 391 574 ή
402 487 494 557 πάνυ
504 496 639 557 πολλῶν
648 499 715 557 τῶν
725 488 864 559 ἁπασῶν
874 490 1029 580 ἀναγνω-

75 595 222 658 σθεισῶν
234 590 285 656 ἐπὶ
296 594 338 675 τή
351 592 442 674 δίκη,
456 587 650 655 καὶτούτων
661 596 728 656 τῶν
740 589 802 673 μέν
814 586 857 668 ῶς
868 591 989 658 έδοσόν
998 618 1030 658 τι

73 688 180 776 τούτῳ
192 693 260 753 τῶν
272 688 363 771 ἐμῶν
373 695 716 773 καταμαρτυρουσῶν,
742 693 811 753 τῶν
821 686 852 753 δ’
866 684 910 766 ῶς
922 696 1029 776 παρή-

74 808 137 854 σαν
158 788 377 874 κομιζομένῳ,
400 791 469 852 τῶν
491 782 522 850 δ’
549 781 593 863 ῶς
609 785 783 870 πριάμενοι
800 783 889 871 παροδ
906 787 1029 854 τούτου

72 886 179 972 τούτῳ
190 882 248 962 τὰς
258 883 352 969 τιμὰς
363 887 528 969 διέλυσαν,
541 881 613 951 οὐδ’
623 875 647 971 ή
656 909 721 950 τινι
732 881 861 950 τούτων
870 892 938 950 τῶν
946 896 1029 964 ψευ-

73 990 305 1070 δομαρτυριῶν
314 983 532 1069 ἐπεσκήψατο,
540 980 619 1050 οὐδὲ
629 983 806 1068 τετόλμηκε
819 981 953 1049 διῶκειν
961 975 1027 1050 ἄλλ’

73 1078 95 1169 ή
106 1080 232 1169 ταύτην
242 1087 321 1168 μίαν
332 1075 456 1165 οὖσαν,
478 1085 515 1149 έν
526 1073 549 1168 ή
561 1079 710 1167 δραχμήν
721 1079 784 1148 οὐκ
796 1077 838 1148 όέν
850 1086 917 1168 έχοι
928 1085 1029 1161 δεῖξαι

49 1181 380 1268 θμεμαρτυρημένηυ.
411 1187 517 1248 καίτοι
533 1180 572 1247 τό
583 1206 621 1263 γε
630 1186 753 1265 τίμημα
764 1188 831 1247 τῶν
841 1181 1028 1267 χρημάτων,

75 1271 124 1348 ῶν
135 1278 380 1366 ἀπεστερήμην,
404 1277 466 1346 οὐκ
479 1282 514 1345 ἐκ
525 1279 646 1363 ταύτης
657 1282 825 1356 συντιθεὶς
836 1279 1029 1364 ἐλογιζόμην

73 1387 234 1447 τοσοῦτον
253 1376 308 1463 (οὐ
326 1375 392 1463 γὰρ
408 1374 516 1444 ἔνεστ’
535 1375 728 1464 όργόριον),
748 1375 824 1445 ἀλλ’
842 1381 873 1457 ἐξ
891 1382 1029 1445 ἐκείνων

73 1475 154 1545 καθ’
174 1479 294 1544 ἕκαστα
305 1476 424 1560 τιθεὶς,
447 1469 498 1555 αἷς
508 1467 607 1554 οὗτος
618 1473 680 1542 οὐκ
694 1473 911 1562 ἐπεσκήψατο.
944 1472 1028 1541 ὅθεν

75 1581 109 1643 ολ
117 1573 186 1645 τότ’
203 1572 405 1654 ιἰκοόσαντες
416 1571 458 1642 οὐ
468 1573 575 1661 μόνον
586 1572 691 1640 αὐτοῦ
701 1575 930 1658 κατέγνωσαν,
944 1569 1028 1638 ἀλλὰ

73 1676 216 1742 καὶτῶν
238 1675 528 1759 ἐπιγεγραμμένων
550 1675 714 1758 ἐτίμησαν.
744 1678 833 1751 τίνος
854 1663 919 1739 οὖν
938 1667 1027 1740 ἕνεκ’

75 1777 202 1851 ἐκείνας
212 1773 272 1857 μὲν
289 1782 394 1858 είασε,
412 1776 490 1859 τήδε
502 1771 538 1839 δέ
549 1771 770 1857 ἐπεσκήψατο;
790 1769 853 1856 έγῶ
865 1774 1029 1839 καὶτοῦτο

48 1887 66 1941 9
77 1872 207 1950 διδάξω.
233 1877 302 1938 τῶν
312 1878 506 1957 μαρτυριῶν
517 1868 594 1937 ὅσαι
603 1870 665 1955 μὲν
676 1866 782 1936 αὐτοῦ
791 1867 931 1956 χρήματ’
944 1873 1030 1954 ἔχειν

75 1970 365 2058 κατεμαρτύρουν,
386 1969 459 2059 ήδει
476 1975 590 2052 σαφῶς
601 1967 811 2058 ότιτοσοότμ
823 1975 952 2054 μᾶλλον
962 1969 1032 2046 έξε-

76 2069 290 2156 λεγχθήσεται
301 2067 395 2136 ταῦτ’
409 2074 509 2153 ἔχων,
528 2066 596 2157 ὅσω
608 2072 731 2134 πλείων
742 2065 840 2150 λόγος
852 2065 1030 2150 δοθήσεται

75 2166 150 2236 καθ’
164 2172 201 2236 ἓν
211 2170 286 2255 περὶ
297 2168 445 2236 έκόστον.
458 2175 563 2233 Ιτοῦτο
581 2159 609 2230 δ
625 2167 762 2250 έμελλεν
772 2167 858 2248 έντή
868 2169 937 2228 τῶν
946 2174 1031 2241 ψευ-

74 2272 307 2352 δομαρτυριῶν
324 2271 459 2332 ἔσεσθαι
476 2269 598 2345 κρίσει·
618 2257 712 2345 ὃγόιρ
723 2257 793 2328 τότ’
806 2262 843 2326 έν
853 2266 961 2345 μικρῷ
971 2260 1030 2343 με’-

76 2392 126 2449 ρει
135 2365 202 2432 τινὶ
212 2371 273 2431 τοῦ
284 2360 407 2440 παντός
417 2361 539 2439 ὕδατος
549 2355 630 2444 μετὰ
643 2365 711 2424 τῶν
722 2355 833 2424 ἄλλων
843 2354 1029 2440 κατηγορή-

75 2485 197 2550 σαμεν,
220 2471 286 2531 νῦν
303 2461 387 2550 πρὸς
398 2459 489 2528 όίπαν
499 2456 536 2526 τό
548 2455 641 2544 ὕδωρ
653 2452 734 2524 αότό
746 2451 828 2522 καθ’
842 2449 922 2520 αὑτό
935 2452 1030 2520 διδό-

33 2569 142 2645 Ιοξειν
159 2565 345 2651 ἐμέλλομεν.
366 2560 538 2645 ἀποκρίσει
550 2553 581 2624 δ’
596 2553 859 2641 ἐπισκηψάμενος
870 2551 1028 2638 ἐνόμιζεν,

74 2661 185 2748 ῶσπερ
196 2660 273 2730 τόθ’
286 2658 509 2747 ὡμολόγησεν,
517 2655 605 2725 οὕτω
616 2653 717 2723 πόλιν
728 2657 863 2736 ἔξαρνος
873 2653 1031 2736 γενέσθαι

73 2771 177 2829 ταῦτα
188 2759 244 2841 ἐφ’
257 2763 362 2850 ἑαυτῷ
373 2759 584 2845 γενήσεσθαι.
615 2752 669 2823 διόι
681 2759 784 2821 ταῦτα
796 2751 896 2839 τήνδε
908 2750 1029 2819 διῶκει.

74 2859 237 2946 βούλομαι
256 2854 296 2944 δή
313 2858 454 2945 ταύτην,
479 2854 522 2936 ῶς
538 2862 627 2924 ἔστιν
638 2850 782 2941 ἀληθής,
804 2855 960 2930 ἐπιδεῖξαι
970 2870 1030 2916 σα-

75 2965 147 3042 φῶς
165 2962 267 3022 πᾶσιν
283 2953 381 3042 ὑμῖν,
404 2954 466 3023 οὐκ
485 2958 517 3035 ἐξ
536 2951 765 3023 είκότωνούδὲ
776 2951 886 3036 λόγων
897 2948 980 3034 πρὸς
992 2947 1027 3014 τὸ

74 3053 184 3140 παρὸν
201 3057 500 3140 μεμηχανημένων,
522 3050 595 3120 ἄλλ’
611 3055 648 3119 ἐκ
657 3058 719 3119 τοῦ
731 3047 820 3131 παρὰ
832 3055 935 3114 πᾶσιν
948 3045 1029 3130 ὑμῖν

75 3151 245 3236 δόξοντος,
267 3149 310 3230 ῶς
320 3151 385 3237 έγῶ
397 3157 532 3239 νομίζω,
546 3155 685 3217 δικαίου.
717 3158 867 3216 σκοπεῖτε
879 3141 912 3210 δ’
924 3141 1028 3209 όκοό-

75 3270 200 3327 σαντες.

34 3363 60 3414 11
155 3343 235 3431 'Em
248 3343 328 3433 γὰρ,
342 3337 500 3435 ῶέινδρες
511 3345 676 3431 δικασταὶ,
694 3345 837 3428 περὶτῆς
848 3345 1029 3428 μαρτυρίας

74 3471 131 3530 της
142 3447 178 3513 έν
189 3452 234 3533 τῷ
245 3451 455 3535 γραμματείῳ
466 3445 692 3532 γεγραμμένης
703 3438 798 3521 είδῶς
808 3436 890 3509 όντα
900 3466 956 3526 μοι
967 3437 1027 3507 τόν

118 3541 253 3593 Demosth.
277 3542 375 3594 v01.11
791 3541 826 3592 ’λλ
