2370 3854
119 179 181 243 κιο
314 181 398 237 xxv,
424 176 867 254 [Aflmomwooez]

120 333 750 426 λαχών,πάντατάε’ντῇπόλεικαλάκαὶ
760 340 870 405 δίκαια
880 339 1078 424 καίσυμφέ-

120 466 222 524 ροντα
234 438 414 525 φυλάττειν
425 437 551 522 ταύτην
568 434 629 520 τήν
640 432 768 521 ἡμέραν
786 435 1077 524 παρακαταθήκην

10 594 17 607 .
119 545 260 623 ἔνορκον
278 535 422 624 εἰληφώς
438 532 528 618 παρά
541 542 611 602 τῶν
628 534 745 620 νόμον
762 535 818 602 καὶ
834 541 893 621 τῆς
910 542 1079 616 πολιτείας

78 654 111 706 12
120 640 173 706 καὶ
189 647 248 725 τῆς
264 640 429 722 πατρίδος.
466 634 509 713 ὡς
525 640 556 701 εἰ
571 630 616 720 μή
628 640 751 700 τοῦτον
762 633 848 712 ἕξετε
864 631 925 700 τόν
935 633 1076 719 τρόπον,

119 734 186 806 ἀλλ’
200 735 264 804 άπό
277 745 335 822 τῆς
347 734 522 820 συνήθους
540 730 697 818 εὐηθείας
708 731 959 817 εἰσεληλυθότες
969 742 1078 800 καθε-

120 839 249 922 δεῖσθε,
264 840 436 920 φοβοῦμαι
454 830 498 917 μή
517 829 553 898 τό
566 837 701 916 πρᾶγμα
712 835 758 908 εἰς
768 827 967 899 τούναντίον
977 854 1077 915 περι-

120 941 181 1019 στή
198 935 252 999 καὶ
272 936 451 1007 δοκοῦντες
467 926 561 1014 ἡμεῖς
575 927 851 1014 Ἀριστογείτονος
874 945 1075 1018 κατηγορεῖν

119 1027 216 1116 ὑμῶν
236 1034 498 1113 κατηγοροῦντες
519 1034 698 1113 φανεῖμεν·
721 1026 790 1118 ὅσῳ
808 1026 873 1112 γάρ
892 1023 935 1095 άν
945 1037 1076 1115 μᾶλλον

118 1129 214 1216 ἡμῶν
237 1128 415 1209 δειξάντων
437 1124 500 1212 τήν
521 1128 644 1197 τούτου
666 1137 832 1215 πονηρίαν
852 1129 958 1214 μηδὲν
979 1125 1076 1214 ὑμεῖς

119 1236 328 1317 φροντίσητε,
339 1228 488 1317 τοσούτῳ
500 1233 620 1314 μείζων
630 1225 651 1314 ή
663 1223 742 1295 καθ’
756 1224 853 1313 ὑμῶν
864 1225 1004 1312 αἰσχύνη
1016 1253 1075 1313 γε-

119 1328 262 1416 νήσεται.
286 1329 341 1397 καὶ
353 1331 426 1413 περὶ
437 1326 498 1414 μὲν
510 1327 639 1397 τούτων
650 1324 760 1395 ἰκανά.

78 1442 110 1496 13
203 1427 302 1496 Πάνυ
314 1426 358 1513 δ’,
372 1421 399 1494 ά
411 1425 531 1512 ἄνδρες
538 1424 726 1513 Ἀθηναῖοι,
738 1425 820 1512 μετά
832 1426 939 1512 πάσης
951 1426 1076 1494 οἰκειό-

119 1521 429 1613 τητοςέροὸτάληθή
440 1522 623 1611 πρὸςὺμᾶς.
646 1524 710 1610 ἐγώ
717 1522 781 1609 γάρ
793 1528 829 1591 ἐν
839 1539 910 1602 ταῖς
921 1527 1076 1610 ἐκκλησί-
1105 1538 1108 1543 ’

120 1651 172 1703 αις
183 1621 274 1707 ὁρῶν
284 1620 371 1708 ὑμᾶς
379 1623 640 1701 κατατάττοντάς
652 1649 693 1708 με
700 1624 755 1690 καὶ
766 1627 1076 1709 προχειριζομένους

120 1723 172 1790 ἐπὶ
183 1719 246 1807 τήν
257 1722 379 1789 τούτου
391 1729 609 1808 κατηγορίαν,
626 1719 782 1808 ἠχθόμην
800 1723 855 1788 καὶ
871 1719 917 1806 μά
933 1718 994 1788 τόν
1005 1727 1074 1786 Δία

120 1823 176 1887 καὶ
185 1820 310 1900 πάντας
321 1818 424 1898 θεοὺς
436 1819 498 1888 οὐκ
515 1819 711 1908 ἐβουλόμην.
730 1817 772 1887 οό
783 1816 848 1904 γάρ
859 1818 1009 1904 ἠγνόουν
1021 1814 1076 1886 ότι

119 1916 286 2003 ὁποιήσας
299 1945 329 1984 τι
344 1926 498 1985 τοιοῦτον
509 1915 584 2003 παρ’
595 1916 677 2004 ὑμῖν
688 1919 742 1985 καί
754 1915 877 1986 παθών
888 1915 1074 2003 άπίρχεται.

119 2021 150 2083 εἰ
166 2015 201 2084 δὲ
211 2013 255 2102 μή
273 2023 470 2102 τηλικοῦτον
487 2013 565 2083 ὅστ’
586 2013 693 2095 εὐθὺς
704 2018 902 2102 αἰσθέσθαι,
925 2012 992 2083 ἀλλ’
1013 2013 1075 2084 ἐὰν

118 2113 225 2184 πολλά
236 2121 372 2182 τοιαῦτα
385 2121 464 2204 ποιῇ
475 2116 528 2182 καί
540 2110 584 2202 μή
598 2115 758 2202 παύηται,
779 2112 861 2201 ταχὺ
873 2113 1074 2201 γνωσθήσε-

118 2241 180 2281 ται.
210 2211 299 2300 ὅμως
309 2215 345 2280 δὲ
356 2209 539 2300 άναγκαῖον
549 2211 705 2302 ἡγούμην
717 2212 801 2282 εἰναι
812 2221 995 2284 πείθεσθαι
1006 2228 1075 2292 τοῖς

80 2326 112 2382 14
121 2310 289 2399 ὑμετέροις
298 2314 495 2401 βουλήμασι.
525 2311 565 2382 τά
584 2314 646 2400 μὲν
662 2305 727 2382 οὖν
743 2314 819 2399 περὶ
830 2321 888 2399 τῆς
905 2315 1076 2392 ἐνδείξεως

119 2415 174 2479 καί
186 2420 254 2478 τῶν
265 2411 380 2497 νόμων
392 2417 502 2481 δίκαια
514 2409 630 2495 αὐτόν,
643 2410 726 2496 ὅπερ
737 2420 905 2498 πεποίηκε,
916 2417 1076 2493 Λυκοῦρ-

119 2535 182 2594 γον
197 2512 284 2594 ἐρεῖν
302 2506 474 2594 ήγοάμην,
492 2512 547 2578 καὶ
563 2507 643 2588 τούς
657 2508 828 2595 μάρτυρας
844 2515 903 2594 τής
913 2513 1076 2594 πονηρίας

120 2613 178 2693 τῆς
190 2607 312 2675 τούτου
323 2615 444 2676 τοῦτον
455 2607 571 2691 ἑώρων
580 2607 892 2693 προσκαλούμενον·
925 2604 947 2674 ά
966 2607 1002 2676 δὲ
1020 2607 1075 2674 καὶ

120 2710 310 2790 λογίζεσθαι
326 2703 406 2783 τούς
422 2704 506 2790 ὑπὲρ
526 2704 654 2784 πόλεως
670 2708 726 2772 καὶ
742 2705 859 2791 νόμον
870 2706 1077 2793 βουλευομέ-

120 2829 201 2882 νους
226 2803 459 2892 προσήκεικαὶ
480 2813 677 2872 σκοπεῖσθαι
698 2802 758 2888 άεί,
779 2812 883 2871 ταῦτα
905 2803 1119 2893 προηροό-γχ

121 2927 187 2988 μην
199 2908 313 2986 εἰπεῖν,
326 2902 381 2970 καὶ
392 2909 459 2970 νῦν
469 2903 521 2970 ἐπὶ
531 2910 637 2970 ταῦτα
648 2903 861 2988 πορεύσομαι.
897 2903 973 2972 δότε
985 2901 1029 2991 δ’,
1049 2894 1076 2970 οἷ
1096 2893 1099 2899 ’

46 3027 49 3044 ’
122 2999 242 3088 άνδρες
258 2997 450 3087 Ἀθηναῖοι,
473 3000 548 3070 δότε
574 3005 630 3071 καὶ
657 3001 890 3089 συγχωρήσατε
915 3030 972 3089 μοι
992 3001 1077 3089 πρὸς

121 3099 222 3184 Διός,
242 3097 286 3180 ὡς
297 3105 431 3187 πέφυκα
442 3102 498 3172 καὶ
509 3102 714 3192 προήρημαι,
732 3103 807 3189 περὶ
818 3101 948 3170 τούτων
964 3105 1077 3169 διαλε-

122 3209 246 3286 χθήναι
257 3199 341 3286 πρός
352 3199 454 3288 ὑμᾶς·
487 3204 542 3271 καί
559 3201 622 3289 γάρ
634 3199 697 3270 οόδ
704 3198 713 3225 ’
725 3195 767 3268 άν
779 3198 886 3278 άλλως
898 3205 1074 3288 δυναίμην.

3 3370 6 3375 ,
80 3309 116 3363 15
199 3296 304 3378 Ἅπας
316 3296 333 3367 ὁ
346 3307 414 3368 τῶν
424 3299 617 3388 ἀνθρώπων
628 3307 715 3388 βίος,
726 3293 752 3368 ὦ
765 3298 884 3385 ἄνδρες
892 3298 1074 3386 Ἀθηναῖοι,

124 3390 189 3462 κάν
200 3397 349 3484 μεγάλην
360 3398 460 3467 πόλιν
471 3405 583 3468 οἰκῶσι
596 3395 661 3468 κάν
671 3398 810 3486 μικράν,
831 3399 930 3486 φύσει
947 3402 1003 3467 καὶ
1013 3400 1076 3468 νό-
