2370 3854
276 215 420 276 ΚΑΤΑ
444 215 839 278 ΤΙΜΟΚΡΑΤΟΥΣ.
971 217 1033 279 269

82 373 171 463 ὑμῖν,
184 373 227 444 δν
237 373 277 443 τοὶ
290 381 401 444 δίκαια
417 375 473 441 καὶ
484 372 525 440 τὰ
536 375 748 461 προσήκοντα
759 385 889 463 ποιῆτε,
912 376 1034 446 αἰπολί-

82 485 173 559 σθαι,
195 473 284 560 ὅμως
304 472 483 559 ἐμιμήσατο
504 480 603 540 τοῦτο
625 470 796 561 Ιτιίδίκημα,
819 476 871 542 καὶ
896 477 950 542 διδ
972 485 1034 543 τοῦ

81 577 190 661 νύμου
201 573 295 642 λύειν
313 569 453 657 ἠξίωσεν
470 567 530 648 οὑς
541 570 703 639 δέδεκετίι
716 573 925 659 δικαστήρια,
949 575 1033 657 γρύ-

82 688 146 754 φας
157 672 309 755 ἀναιδεῖς,
322 679 357 736 εί
362 695 428 736 τινι
439 676 689 756 προστετίμηται
702 673 827 755 δεσμοῦ
837 665 902 738 κείν
913 669 949 738 τὸ
962 680 1032 738 λοι-

37 790 71 844 08
81 773 147 838 πύν
157 796 222 838 τινι
233 768 492 855 προστιμήσητε,
513 775 635 835 τούτου
652 768 821 852 ἀφεῖσθαι.
851 770 907 835 καὶ
924 765 992 853 μήν
1004 775 1034 836 εί

81 869 199 937 αύτίκα
210 867 250 953 δή
268 867 357 953 μύλα
374 864 526 952 κραυγήν
536 864 712 933 ἀκούσαιτε
723 862 807 951 πρὸς
818 873 866 954 τῷ
874 870 1032 952 ,δικαστη-

82 976 152 1056 ρίῳ,
167 966 224 1034 εἶτ’
240 976 328 1034 είποι
345 992 394 1044 τις
406 963 451 1044 ως
462 964 624 1055 ιἰνίηοκται
635 963 672 1030 τὸ
686 963 929 1050 δεσμωτήριον,
946 968 980 1031 οἱ
995 963 1031 1029 δὲ

81 1071 245 1150 δεσμῶται
255 1063 452 1149 φεύγουσιν,
464 1061 574 1140 οὐδείς
585 1062 662 1130 ούτε
672 1065 781 1147 γέρων
792 1060 864 1130 οὔτ’
874 1061 1032 1146 ὀλίγωρος

81 1163 187 1243 οὕτως
213 1165 304 1243 ὅστις
332 1159 407 1246 οὐχὶ
423 1161 625 1248 βοηθήσειεν
642 1155 685 1226 δν
702 1157 776 1226 καθ’
788 1156 871 1228 ὅσον
881 1160 1030 1227 δύναται.

81 1268 112 1329 εί
128 1262 164 1329 δὲ
181 1261 223 1346 δή
241 1286 289 1338 τις
311 1269 398 1326 είποι
414 1255 596 1343 παρελθύν
608 1254 678 1336 ὑςὸ
689 1257 828 1336 τούτους
838 1256 934 1342 ύφείς
943 1262 1031 1326 ἐστιν

80 1357 203 1440 οὑτοσὶ,
217 1355 296 1425 οὐδὲ
306 1357 411 1441 λόγου
421 1354 532 1441 τυχδνν
548 1353 653 1434 εύθύς
671 1351 714 1422 ι’ἒν
724 1355 884 1441 ἀπαχθεὶς
892 1356 1030 1444 θανάτῳ

37 1472 71 1526 09
82 1461 268 1541 ζημιωθείη.
286 1463 351 1522 νύν
364 1462 481 1522 τοίνυν
490 1459 587 1539 ἔχετε,
600 1447 759 1540 ύύνδρες
765 1452 944 1541 Ἀθηναῖοι,
952 1461 1033 1522 τοῦ·

81 1578 159 1638 τον,
182 1551 219 1630 δς
230 1551 303 1637 ούχὶ
320 1552 432 1641 λύθρηι
450 1559 607 1640 πεποίηκε
616 1560 733 1637 τοῦτο,
755 1552 839 1622 ἄλλα
851 1560 1031 1640 φενακίσας

81 1654 137 1719 καὶ
158 1651 477 1737 παρακρουσάμενος
499 1648 584 1737 ὑμᾶς
604 1651 710 1736 νόμον
720 1653 849 1719 τέθεικε
867 1657 1030 1737 φανερούς,
1041 1669 1093 1726 765

81 1750 117 1828 ὃς
128 1748 190 1816 ούκ
199 1748 415 1834 ύνοίγνυσιτδ
424 1750 658 1836 δεσμωτήριον,
666 1747 919 1837 ύλλὰκαθαιρεῖ,
927 1769 1033 1834 προσ-

81 1856 272 1934 περιείληφε
284 1847 320 1916 δδ
329 1851 386 1917 καὶ
396 1849 436 1916 τὰ
448 1848 652 1936 δικαστήρια.
683 1853 732 1927 τίς
748 1845 812 1933 γὰρ
829 1844 852 1935 ή
869 1843 1031 1933 τούτωνή

80 1949 216 2014 ἐκείνων
236 1954 344 2034 χρεία,
373 1946 456 2015 ὅταν
476 1943 524 2026 οἷς
544 1952 709 2034 τετίμηται
730 1953 855 2034 δεσμοῦ
875 1947 1029 2031 λύωνται,

80 2039 145 2111 κύν
154 2042 191 2112 τύ
204 2044 324 2113 λοιπόν
334 2047 492 2133 τιμήσητέ
499 2071 556 2133 τφ,
569 2046 672 2131 μηδὲν
681 2044 762 2131 ὑμῖν
772 2039 794 2134 ᾖ
806 2048 924 2126 πλέους

35 2166 73 2218 ;10
164 2138 230 2210 Δεῖ
236 2151 352 2211 τοίνυν
362 2141 448 2228 ὑμᾶς
459 2141 593 2211 κάκεῖνο
605 2158 756 2228 σκοπεῖν,
776 2142 1031 2210 ύτιπολλοίτιῖν

78 2240 245 2327 Ἑλλήνων
255 2240 413 2319 πολλάκις
424 2243 508 2308 είσὶν
519 2245 737 2326 ἐψηφισμένοι
747 2254 813 2317 τοῖς
825 2240 940 2324 νόμοις
948 2245 1030 2324 χρή-

82 2350 164 2406 σθαι
174 2354 243 2417 τοῖς
254 2337 439 2425 ὑμετέροις,
461 2336 509 2424 ἐφ’
524 2332 553 2429 ᾧ
570 2346 796 2424 φιλοτιμεῖσθε
812 2335 921 2423 ὑμεῖς,
943 2335 1032 2405 εἰκό-

83 2462 162 2514 τως·
190 2434 209 2504 δ
227 2434 293 2521 γὰρ
312 2443 416 2505 εἰπεῖν
433 2437 508 2504 τινύ
525 2457 629 2523 φασιν
645 2435 791 2523 ἐνὺμῖν,
815 2433 1035 2521 ύληθδςείναί

83 2561 141 2620 μοι
152 2540 253 2622 δοκεῖ,
267 2534 319 2603 ὅτι
329 2533 408 2616 τούς
416 2535 541 2622 νόμους
552 2535 695 2614 ἅπαντες
705 2533 944 2620 ὑπειλήφασιν,
958 2533 1032 2600 ὅσοι

84 2639 316 2720 σωφρονοῦσι,
334 2634 481 2720 τρόπους
491 2642 549 2721 τής
559 2635 694 2713 πόλεως.
727 2634 787 2720 χρή
799 2639 914 2702 τοίνυν
926 2655 1033 2701 σπον-

83 2733 193 2812 δύζειν
203 2731 294 2810 ὅπως
307 2730 351 2812 ὡς
365 2736 528 2820 βέλτιστοι
539 2733 695 2813 δόξουσιν
704 2731 798 2818 εἶναι,
817 2732 872 2799 καὶ
882 2729 961 2809 τούς
971 2738 1033 2798 λυ-

83 2835 302 2914 μαινομένους
320 2833 375 2899 καὶ
387 2834 644 2918 διαστρέφοντας
660 2828 782 2909 αύτούς
798 2830 967 2915 κολάζειν,
990 2826 1034 2907 ὡς

85 2935 114 2996 εί
124 2930 458 3016 καταρρᾳθυμήσετε,
476 2938 533 3015 της
545 2935 730 3015 φιλοτιμίας
745 2954 781 2996 τε
804 2929 926 3013 ταύτης
947 2925 1033 2993 ἄπο-

84 3025 288 3111 στερήσεσθε
310 3030 366 3096 καί
386 3025 471 3096 κατὰ
498 3035 556 3114 τής
578 3027 703 3105 πόλεως
724 3025 826 3105 δόξαν
836 3023 877 3093 ού
888 3023 1033 3112 χρηστήν

35 3145 72 3195 {ll
83 3124 244 3209 ποιήσετε.
278 3126 333 3192 καὶ
349 3124 416 3212 μήν
438 3132 469 3194 εί
482 3126 625 3194 Σόλωνα
643 3129 699 3192 καί
708 3126 888 3208 Δράκοντα
901 3128 1033 3199 δικαίως

83 3226 260 3308 ἐπαινεῖτε,
273 3220 335 3290 ούκ
345 3220 388 3291 ἂν
398 3231 526 3311 ἔχοντες
536 3231 640 3292 εἰπεῖν
657 3222 836 3307 ούδετέρου
846 3216 964 3290 κοινδν
976 3218 1024 3288 εύ

84 3320 229 3408 εργέτημ’
244 3319 344 3390 οὐδὲν
355 3321 443 3410 πλήν
458 3324 510 3393 ὅτι
526 3325 757 3409 συμφέροντας
767 3325 896 3406 ἔθηκαν
905 3321 961 3387 καὶ
971 3345 1032 3387 κα-
1089 3360 1094 3374 «

84 3429 149 3499 λοῖς
161 3427 294 3506 ἔχοντας
305 3425 445 3510 νόμους,
464 3428 592 3492 δίκαιον
609 3422 718 3511 δήπου
735 3423 870 3499 καὶτοῖς
886 3417 1033 3487 ὑπεναν-
