2370 3854
339 186 479 246 ΠΡοΣ
507 184 798 246 πεπνευμα.
1004 182 1043 267 ιε

92 347 217 415 τούτου
229 352 290 414 τοῦ
302 345 419 430 νόμον.
453 351 559 412 καίτοι
576 351 645 411 τῶν
661 344 723 430 μὲν
740 343 850 411 ἀλλων
861 341 1043 428 εὐεργετῶν

92 447 218 532 χρόνον
234 442 307 513 τινά
319 445 455 523 ἕκαστος
471 441 552 529 ἡμῖν
568 443 731 528 χρήσιμον
748 441 852 510 αὑτὸν
869 446 1041 529 παρέσχεν,

93 537 192 622 οὗτος
203 541 248 628 δ’,
260 537 305 609 ἀν
315 549 468 627 σκοπῆτε,
476 539 658 625 φανήσεται
671 538 907 627 συνεχώςὴμάς
917 534 957 609 εύ
968 565 1044 608 ποι·

50 662 85 716 31
95 649 161 728 ὤν,
182 642 237 708 καὶ
252 639 348 706 ταῦθ’
361 631 411 707 ὦν
427 637 558 725 μάλισθ’
571 635 700 726 ἡμῶνὴ
718 639 812 719 πύλις
829 644 939 708 δεῖται.
974 649 1043 708 ίστε

93 737 159 825 γὰρ
173 738 284 825 δήπου
292 735 399 820 τοῦθ’,
411 737 462 804 ὅτι
473 744 613 826 πλείστῳ
624 746 694 805 τῶν
704 740 840 806 πάντων
850 736 1043 823 ἀνθρώπων

92 835 376 924 ἡμεῖςίπεισάκτφ
394 841 471 922 σίτῳ
488 836 656 922 χρώμεθα.
689 836 771 921 πρὸς
786 845 903 906 τοίνυν
913 836 1042 905 ἀπαντα

93 934 156 1004 τάν
171 938 207 1003 ἐκ
223 942 292 1003 τῶν
308 934 419 1003 ἀλλων
436 937 603 1020 ἐμπορίων
619 934 867 1022 ἀφικνούμενον
888 935 907 1005 ὁ
928 939 964 1004 ἐκ
982 944 1043 1003 τοῦ

93 1035 231 1103 Πόντου
240 1049 330 1112 σῖτος
341 1038 501 1102 εἰσπλέων
511 1036 611 1101 ἐστίν.
640 1034 787 1112 εἰκότως·
810 1031 852 1102 ού
862 1033 926 1120 γὰρ
938 1034 1043 1120 μόνον

94 1131 149 1202 διά
166 1131 205 1201 τὰ
222 1131 284 1201 τάν
299 1132 404 1201 τόπον
420 1140 541 1200 τοῦτον
557 1147 651 1200 σῖτον
666 1139 752 1219 ἒχειν
767 1141 922 1200 πλεῖστον
944 1139 1041 1200 τοῦτο

93 1240 256 1319 γίγνεται,
280 1230 364 1300 ἀλλά
379 1230 435 1299 διά
450 1229 487 1298 τὸ
505 1231 626 1315 κύριον
643 1229 724 1298 ύντα
734 1229 794 1298 τάν
803 1232 968 1299 Λεύκωνα
979 1230 1043 1297 αύ-

93 1340 155 1400 τοῦ
164 1346 233 1410 τοῖς
243 1329 383 1416 ἄγουσιν
391 1329 550 1415 Ἀθήναζε
560 1327 710 1397 ἀτέλειαν
721 1333 909 1413 δεδωκέναι,
916 1331 971 1397 καὶ
981 1356 1042 1415 κη-

94 1431 227 1517 ρύττειν
241 1428 393 1513 πρύτους
409 1434 598 1513 γεμίζεσθαι
615 1424 693 1506 τούς
711 1424 754 1505 ὡς
771 1424 857 1512 ὑμᾶς
873 1429 1041 1506 πλέοντας.

96 1534 178 1614 ἔχων
196 1527 262 1613 γὰρ
284 1531 407 1606 ἐκεῖνος
418 1530 531 1617 ,ἑαυτῷ
554 1529 609 1595 καὶ
625 1541 693 1604 τοῖς
710 1529 804 1594 παισὶ
819 1523 881 1612 τὴν
892 1525 1041 1594 ἀτέλειαν

53 1623 197 1700 σεάπασι
209 1627 355 1693 δέδωκεν
365 1623 456 1711 ὑμῖν.
479 1631 578 1692 τοῦτο
592 1622 624 1692 δ’
635 1623 752 1711 ἡλίκον
763 1626 829 1692 ἐστὶ
840 1623 1040 1710 θεωρήσατε.
1051 1638 1102 1694 467

91 1727 216 1801 ἐκεῖνος
237 1722 412 1809 πράττεται
433 1723 512 1801 τούς
533 1722 609 1808 παρ’
626 1721 733 1791 αὑτοῦ
754 1738 848 1791 σῖτον
866 1723 1042 1808 ἐξάγοντας

91 1821 299 1906 τριακοστήν.
332 1825 369 1887 αλ
382 1829 499 1889 τοίνυν
509 1821 583 1904 παρ’
596 1825 724 1888 ἐκείνου
735 1820 822 1904 δεῦρ’
836 1819 1042 1908 ἀφικνούμε-

91 1946 147 1987 ναι
156 1930 251 1987 σίτου
262 1921 423 2004 μυριάἀες
433 1922 508 2005 περὶ
518 1920 760 2004 τετταράκοντά
777 1925 854 1987 είσι·
876 1922 931 1988 καὶ
947 1919 1038 1988 τοῦτ’

92 2020 130 2086 ἐκ
144 2025 204 2102 τῆς
219 2015 310 2100 παρά
324 2033 394 2097 τοῖς
413 2018 629 2102 σιτοφύλαξιν
645 2016 844 2105 ἀπογραφῆς
854 2017 898 2086 ἀν
907 2047 955 2098 τις
965 2024 1039 2088 ίδοι.

91 2113 219 2184 οὐκοῦν
230 2113 319 2199 παρά
331 2119 393 2201 μὲν
404 2115 462 2196 τάς
471 2117 650 2200 τριάιιοντα
661 2118 824 2203 μυριάδας
841 2124 980 2204 μυρίους
991 2121 1042 2184 δι’·

92 2219 173 2282 ἀωσι
183 2218 362 2301 μεδίμνους
371 2210 460 2301 ἡμῖν,
469 2213 665 2299 παράδὲτάς
676 2219 755 2283 δέκα
763 2213 1043 2300 ὡσπερανεὶτρισ-

50 2318 224 2397 ὅὸχιλίους.
253 2313 416 2381 τοσούτου
427 2320 543 2380 τοίνυν
554 2317 606 2380 δεῖ
613 2313 738 2398 ταύτην
750 2310 970 2398 ἀποστερῆσαι
981 2312 1042 2398 τὴν

93 2407 225 2496 δωρεάν
237 2409 299 2495 τὴν
309 2411 409 2478 πόλιν
427 2411 512 2480 ὥστε
534 2412 872 2495 προσκατασκευάσας
881 2412 1042 2499 ἐμπόριον

93 2513 289 2590 Θευδοσίαν,
306 2507 327 2574 ὅ
338 2530 441 2594 φασιν
452 2515 487 2577 οί
495 2513 650 2589 πλέοντες
661 2507 736 2578 οὐδ’
748 2508 863 2578 ὁτιοῦν
873 2526 984 2599 χεῖρον
995 2511 1042 2579 εἷ-

91 2632 148 2674 ναι
158 2613 220 2673 τοῦ
229 2607 419 2691 Βοσπόρου,
432 2607 591 2677 κάνταῦθ’
607 2614 708 2683 ἔδωκε
720 2607 783 2696 τὴν
791 2608 938 2678 ἀτέλειαν
948 2607 1037 2696 ἡμῖν.

90 2705 146 2770 καί
156 2700 198 2770 τά
208 2701 269 2789 μὲν
279 2702 365 2772 ἀλλα
376 2715 506 2788 σιωπῶ,
529 2706 621 2776 πόλλ’
633 2704 678 2775 ἀν
688 2713 773 2794 ἔχων
785 2715 901 2794 εἰπεῖν,
914 2707 967 2778 ὅσ’
981 2708 1041 2776 εύ-

88 2797 470 2890 ηργίτηκενύμάςούτος
481 2803 568 2892 ἀνὴρ
579 2809 635 2875 καὶ
646 2805 855 2886 αύτόςκαὶοί
863 2808 1039 2893 πρόγονοι·

90 2897 173 2968 ἀλλά
182 2904 642 2989 πρωπέρυσισιτοάείαςπαρά
654 2913 756 2973 πᾶσιν
774 2906 967 2990 ἀνθρώποις
983 2932 1041 2991 γε·

89 2998 285 3085 νομένηςού
295 3000 493 3089 μόνονὺμλν
504 3003 622 3072 ίκανόν
634 3020 727 3073 σῖτον
738 3004 943 3091 ἀπέστειλεν,
955 3004 1039 3074 ἀλλά

88 3105 252 3166 τοσοῦτον
273 3097 356 3168 ὥστε
382 3108 615 3171 πεντεκαίδεκα
641 3102 805 3190 ἀργυρίου
826 3101 986 3190 τάλαντα,
1017 3102 1040 3170 ἀ

48 3199 320 3284 ΜΚαλλισθίνιγς
330 3200 481 3288 διῴκησε,
494 3207 821 3288 προσπεριγενέσθαι.
852 3208 887 3268 τί
894 3194 959 3269 οὖν
970 3213 1039 3270 οίε·

91 3302 171 3378 σθε,
193 3287 222 3362 ὦ
238 3296 359 3378 ἀνδρες
376 3297 563 3385 Ἀθηναῖοι,
584 3309 705 3367 τοῦτον
722 3297 782 3365 τὸν
797 3306 951 3366 τοιοῦτον
962 3303 1038 3384 περὶ

90 3388 177 3477 ὑμᾶς
193 3397 428 3481 γεγενημένον,
456 3396 518 3467 ἐάν
538 3396 669 3490 ἀκούσῃ
692 3396 786 3492 νόμῳ
809 3396 873 3489 τὴν
899 3395 1057 3468 ἀτέλειαν
