2370 3854
294 207 439 269 ΚΑΤΑ
458 208 866 273 ΑΝΔΡΟΤΙΩΝΟΣ.
998 213 1059 280 187

59 379 94 432 57
104 393 190 448 πους
201 367 337 455 πόρνας,
358 365 400 434 οὐ
411 371 525 454 μέντοι
535 365 739 454 ὀφειλούσας
752 373 919 460 εἰσφοράς.
951 381 1060 444 καίτοι

105 477 138 537 εῖ
144 489 232 535 τισιν
243 465 310 553 άρα
320 470 481 536 δοκοῦσιν
491 467 671 554 ἐπιτήδειαι
683 470 806 536 ἐπεῖναι
815 480 955 559 παθεῖν,
974 471 1058 543 άλλά

104 566 142 634 τό
158 566 295 654 πρᾶγμά
308 593 346 652 γε
357 561 420 634 οὐκ
430 565 616 651 ἐπιτήδειον
625 571 812 652 γίγνεσθαι,
824 570 999 654 τηλικοῦτό
1008 599 1059 639 τι-

105 692 166 744 νας
183 679 324 753 φρονεῖν
342 662 396 732 διά
416 662 535 750 καιρὸν
554 663 638 733 ὥστε
657 669 803 752 βαδίζειν
822 665 868 734 ἐπ’
882 675 986 748 οἰκίας
1003 673 1059 738 καλ

105 762 209 850 σκεύη
227 765 343 850 φέρειν
363 762 468 850 μηδὲν
486 760 694 849 ὀφειλόντων
714 764 917 853 άνθρεόπων.
950 766 1058 836 πολλοὶ

104 859 169 949 γάρ
181 860 224 928 άν
234 888 284 940 τις
294 866 360 930 moa
369 860 515 941 πολλοὺς
525 865 729 951 ἐπιτηδείους
740 863 838 944 ὄντας
854 865 993 951 πάσχειν
1003 870 1058 934 καί

104 962 319 1029 πεπονθέναι.
353 958 421 1029 ἀλλ’
435 958 477 1029 οὐ
488 970 592 1030 ταῦτα
607 965 764 1048 λέγουσιν
775 969 811 1033 οί
817 965 917 1050 νόμοι
927 964 1006 1034 οὐδὲ
1016 961 1057 1033 τά

103 1068 162 1147 τῆς
182 1066 347 1139 πολιτείας
370 1065 445 1148 θθη,
471 1056 493 1126 ά
515 1063 703 1148 φυλακτέον
724 1059 825 1149 ὑμῖν·
849 1061 917 1131 ἀλλ’
929 1068 1057 1132 ἔνεστιν

103 1164 204 1244 ἔλεος,
216 1159 408 1246 συγγνώμη,
421 1157 521 1226 πάνθ’
535 1157 598 1228 ὅσα
609 1158 770 1247 προσήκει
779 1175 847 1240 τοῖς
857 1164 1055 1246 ἐλευθέροις.

57 1250 267 1338 5303v015z09
285 1256 446 1326 ἁπάντων
464 1258 599 1336 εἰκότας
615 1255 657 1325 οὐ
668 1262 793 1345 μετέχει
810 1267 852 1347 τῇ
864 1260 965 1346 φύσει
976 1259 1055 1328 οὐδὲ

101 1366 142 1446 τῇ
154 1362 303 1446 παιδεία·
322 1354 506 1440 πολλὰγὰρ
518 1356 672 1443 ὕβρισται
682 1358 738 1424 καὶ
749 1358 1056 1443 προπεπηλάκισται

102 1456 218 1523 συνών
230 1453 293 1522 οὐκ
305 1454 480 1540 άγαποὶσιν
492 1452 598 1522 αὐτόν
608 1451 819 1538 άνθρεόποις,
842 1453 925 1522 άλλά
938 1460 1057 1523 δοῦναι
1066 1473 1117 1530 611

101 1552 228 1639 μισθὸν
245 1557 458 1639 δυναμένοις·
488 1545 537 1620 οἷν
555 1557 705 1638 προσῆκέ
720 1573 773 1620 σοι
789 1553 852 1639 τὴν
869 1551 974 1641 όργην
992 1552 1055 1622 οὐκ

103 1659 149 1731 είς
162 1662 230 1722 τῶν
241 1661 387 1722 πολιτῶν
397 1653 458 1721 τόν
467 1651 609 1739 τυχόντα
619 1649 836 1739 άφιέναιοόδ’
846 1656 892 1731 είς
904 1651 963 1731 τάς
973 1650 1056 1739 ὁμο-

101 1755 238 1838 τέχνους
258 1751 401 1840 πόρνας,
425 1749 495 1820 ἀλλ’
514 1758 560 1830 είς
576 1750 637 1819 τὸν
653 1759 775 1819 τοῦτον
796 1749 857 1818 τὸν
874 1748 1001 1836 τρόπον
1018 1770 1056 1817 σε

101 1855 285 1939 θρέψαντα.

57 1969 91 2023 59
189 1960 301 2020 Ταῦτα
318 1957 435 2020 τοίνυν
454 1947 499 2028 ὥς
515 1952 576 2036 μὲν
594 1948 636 2018 οὐ
648 1948 740 2018 δεινά
752 1952 807 2017 καὶ
824 1945 913 2032 παρά
929 1946 1056 2026 πάντας

99 2046 179 2127 τούς
202 2050 327 2136 νόμους
355 2047 417 2135 οὐχ
438 2049 503 2128 ἕξει
520 2052 629 2133 λέγειν
649 2040 762 2127 οὗτος·
798 2046 886 2117 οὕτω
911 2044 942 2115 θ’
966 2047 1055 2114 ἐστὶν

100 2144 1054 2236 άναιθηςόόσάἐντῷθημςο,προάγωναςάείπατασιιευάζων

100 2245 190 2334 αὐτῷ
202 2250 302 2332 τῆσδε
314 2252 373 2332 τῆς
382 2252 533 2330 γραφῆς,
553 2245 673 2328 ἐτόλμα
685 2248 792 2329 λέγειν
805 2241 849 2321 ὡς
859 2241 944 2326 ὑπὲρ
956 2241 1054 2326 ὑμῶν

100 2347 154 2410 παλ
176 2343 212 2410 δι’
227 2341 315 2428 ὑμᾶς
337 2340 480 2426 έχθρούς
499 2339 549 2426 ἐφ’
569 2340 690 2408 ἑαυτὸν
712 2345 843 2408 εἵλκυσε
861 2344 999 2408 καλοῦν
1017 2343 1053 2406 ἐν

99 2453 168 2520 τοῖς
185 2440 333 2526 ἐσχάτοις
348 2441 416 2508 ἐστὶ
434 2439 613 2518 κινδύνοις.
648 2436 711 2525 έγεό
724 2437 757 2506 θ’
769 2437 865 2526 ὑμῖν,
889 2431 916 2506 03
934 2438 1054 2524 άνόρες

97 2538 284 2626 Ἀθηναῖοι,
311 2538 477 2626 βούλομαι
497 2542 598 2618 (λεῖξαι
617 2546 739 2607 τοῦτον
760 2535 839 2606 οὔτε
858 2536 1053 2606 πεπονθότα

99 2636 173 2706 οὐδ’
195 2635 311 2704 ὁτιοῦν
330 2636 440 2704 κακόν
456 2635 534 2705 οὔτε
551 2641 713 2723 μέλλοντα
729 2636 868 2722 πάσχειν
888 2633 988 2704 οὐδὲν
1010 2635 1049 2702 δι’

100 2731 149 2806 τόν
166 2736 250 2820 ὑπὲρ
267 2735 366 2822 ὑμῶν
384 2741 518 2822 ἔπραξε,
542 2733 596 2804 όιά
607 2740 720 2823 μέντοι
734 2733 796 2821 την
815 2731 922 2802 αὑτοῦ
931 2738 1053 2820 βδελυ-

99 2844 176 2922 ρίαν
185 2839 241 2904 ιιαλ
256 2841 495 2923 θεοισεχθρίαν
505 2836 699 2904 πεπονθότα
710 2834 771 2920 μὲν
782 2836 876 2921 μέχρι
885 2836 984 2920 τῆσδε
994 2836 1052 2920 τῆς

97 2934 222 3022 ἡμέρας
245 2933 363 3020 οὐθὲν,
385 2934 587 3021 πεισόμενον
608 2935 658 3021 δ’,
680 2932 723 3002 άν
743 2933 784 3002 τά
806 2938 917 3002 δίκαια
937 2939 1050 3016 ποιῆτε

53 3053 90 3105 60
99 3031 200 3120 ὑμεῖς.
223 3036 394 3115 σκέψασθε
405 3032 470 3120 γάρ
483 3032 550 3103 ὡδί.
580 3041 615 3102 τί
622 3031 699 3102 ποθ’
712 3031 792 3120 ὑμῖν
805 3024 903 3109 οὗτος
913 3028 1053 3113 ὑπέσχε-

98 3160 135 3200 το
151 3135 206 3200 καὶ
217 3138 252 3200 τί
259 3148 367 3200 ποιεῖν
378 3131 484 3203 αὐτόν
494 3130 757 3218 ἐχειροτονήσαθ’
771 3131 880 3217 ὑμεῖς;
901 3128 1051 3216 χρήματα

99 3231 316 3318 είσπράττειν.
352 3230 433 3300 ἄλλο
451 3234 487 3299 δὲ
504 3233 588 3316 πρὸς
603 3232 711 3320 τούτῳ
722 3236 757 3298 τί
770 3242 893 3307 ποιεῖυ;
910 3222 990 3295 οὐδὲ
1001 3227 1048 3294 ἓν.

98 3335 179 3416 φέρε
191 3328 231 3416 δὴ
244 3326 321 3397 καθ’
334 3329 477 3398 ἕκαστον
492 3327 676 3418 ὑπομνήσω
691 3327 753 3414 την
770 3323 1048 3412 είσπραξινῃὺμᾶς.

97 3422 196 3509 οὗτος
208 3431 376 3516 εἰσέπραξε
388 3435 554 3517 Λεπτίνην
563 3429 624 3498 τόν
640 3431 677 3496 ἐπ
688 3433 811 3513 Κοίλης
828 3426 984 3511 τέτταρας
994 3425 1049 3492 καὶ
