2370 3854
120 211 182 277 288
323 216 421 276 xxw.
449 212 868 276 ΔΗΜΟΣΘΕΝΟῬΣ

120 399 182 456 περ
202 372 387 460 εὐεργέταις
403 378 531 461 αἵρεσιν
554 372 666 452 αὐτοῖς
682 378 805 443 ἔδωκεν
822 381 853 442 εἰ
873 373 934 463 χρὴ
953 379 1132 456 δούναιγνς

120 470 247 559 δίκηνῆ
259 472 314 559 μή.

77 592 111 646 90
202 577 320 638 Καίτοι
336 577 406 649 ποΞς
423 565 467 638 ἀν
478 567 759 657 ἀσυμφορώτερος
776 570 857 657 ύμῖν
874 571 998 640 τούτου
1014 575 1073 658 γε’-

119 696 210 738 νοιτο
223 670 327 755 νόμος
337 665 360 755 ἢ
372 667 493 736 κάκιον
509 673 610 755 ἐχωνς
632 665 669 747 ὃς
685 676 820 755 πρῶτον
836 670 898 755 μὲν
911 672 1071 756 περὶτῶν

119 771 155 836 ἐκ
166 776 227 834 τοῦ
237 767 509 852 παρεληλυθότος
519 766 644 852 χρόνον
654 768 844 854 κριθέντων
859 772 992 838 ἐναντία
1001 783 1071 849 τοῖς

118 863 174 952 ὑφ’
187 863 284 952 ὑμῶν
298 869 519 951 ἐγνωσμένοις
535 866 744 953 προστάττει,
768 867 926 950 δεύτερον
943 868 980 937 δὲ
995 871 1070 954 περὶ

118 973 185 1031 τῶν
197 963 388 1049 μελλόντων
398 963 623 1049 κριθήσεσθαι
631 973 817 1053 προστιμᾶν
833 967 981 1036 κελεύων
990 971 1069 1048 τούς

121 1061 276 1140 δικαστάς
293 1059 373 1141 τούς
392 1059 608 1148 ὀμωμοκότας
628 1063 737 1152 ἀκνρα
756 1064 797 1133 τά
817 1067 1068 1154 προστιμήματα

120 1177 215 1248 ποιεί,
223 1160 305 1248 πρὸς
317 1165 353 1230 δέ
363 1162 493 1241 τούτοις
502 1165 669 1248 ἐπιτίμους
680 1162 758 1244 τούς
767 1162 963 1252 ὀφείλοντας
972 1162 1015 1233 ού
1025 1163 1069 1233 τά

120 1262 332 1348 προσήκοντα
350 1265 539 1341 ἐκτίνοντας
560 1270 774 1350 καθίστησιν,
795 1263 883 1343 ὅλως
897 1262 930 1333 δ’
946 1267 1071 1332 ἐπιδεί-

122 1380 222 1429 κνυσι
232 1360 338 1448 μάτην
350 1359 533 1448 ὀμνύντας,
547 1370 729 1450 τεμόντας,
747 1363 955 1449 δικάζοντας,
975 1363 1071 1449 ὀργι-

121 1465 296 1547 ζομένους,
318 1459 449 1528 ἅπαντα
464 1468 644 1541 ποιοῦντας
659 1459 754 1547 ὑμᾶς.
788 1460 851 1547 ἐγά
870 1458 1023 1548 μὲνγὰρ,
1042 1469 1075 1531 εί

121 1565 258 1643 Κριτίας
274 1556 292 1627 ὁ
310 1558 489 1645 γενόμενος
505 1567 574 1627 τοῖν
591 1558 759 1646 τριάκοντ’
774 1565 923 1647 είσέφερε
940 1560 1000 1629 τόν
1010 1560 1073 1628 νό-

122 1684 196 1744 μον,
209 1655 271 1726 οὐκ
282 1652 326 1724 ἀν
337 1656 440 1726 ἀλλον
455 1657 582 1745 τρόπον
596 1657 687 1744 οἶμαι
696 1655 862 1744 γράψαντ’
874 1663 1074 1744 είσενεγκελν

121 1754 143 1844 ἢ
153 1767 281 1825 τοῦτον.

75 1877 111 1933 91
198 1853 269 1923 Ὅτι
280 1864 396 1925 τοίνυν
413 1857 496 1943 ὅλην
514 1871 629 1943 συγχεί
643 1855 705 1942 τὴν
721 1861 889 1924 πολιτείαν
903 1857 959 1923 καὶ
971 1882 1074 1923 κατα-

122 1954 197 2022 λύει
206 1955 315 2023 πάντα
326 1953 366 2023 τά
379 1954 547 2042 πράγμαθ’
563 1952 711 2040 ὁνόμος,
728 1955 783 2022 καὶ
800 1951 927 2033 πολλάς
944 1961 1074 2040 φιλοτι-

123 2059 200 2139 μίας
209 2067 423 2140 περιαιρεῖται
433 2061 492 2141 τῆς
502 2053 646 2138 πόλεως,
667 2054 722 2121 καὶ
739 2062 838 2121 τοῦτο
855 2056 977 2142 ῥηιδίως
987 2050 1075 2140 ὑμᾶς

124 2158 245 2238 νομίζω
255 2147 477 2240 μαθήσεσθαι.
508 2163 577 2223 ἴστε
589 2151 655 2240 γάρ
666 2153 775 2240 δήπου
785 2151 879 2222 τοῦθ’
882 2206 892 2240 ,
910 2153 961 2221 ὅτι
972 2152 1074 2234 adte-

124 2280 177 2320 ται
188 2254 347 2334 πολλάκις
362 2251 493 2342 ἡμόνὴ
513 2255 608 2334 πόλις
626 2254 680 2322 διά
695 2253 755 2334 τὰς
769 2261 939 2342 στρατείας
949 2255 1004 2323 καὶ
1014 2248 1075 2331 τάς

124 2353 283 2432 υαιπιιιάς
294 2355 349 2422 καὶ
359 2351 418 2434 τάς
429 2352 543 2439 πεζάς,
563 2358 620 2423 καί
635 2356 742 2423 πολλὰ
752 2356 808 2423 καὶ
818 2351 903 2422 καλά
915 2349 1076 2430 πολλάκις

122 2449 186 2537 ἤδη
199 2451 420 2536 διεπράξασθε
429 2454 485 2521 καὶ
494 2453 661 2531 σοι’σαντές
669 2478 761 2532 τινας
777 2456 833 2521 καὶ
843 2450 1077 2538 τιμωρησάμε-

17 2621 20 2626 ,
78 2573 176 2632 ςςνοι
195 2552 252 2618 καλ
267 2550 508 2631 διαλλάξαντες.
541 2559 612 2629 πῶς
629 2545 708 2630 οάν;
729 2548 858 2636 ἀνάγκη
874 2549 915 2617 τά
937 2557 1077 2617 τοιαῦτα

123 2651 260 2717 διοικεῖν
270 2650 338 2717 ἐστὶ
349 2647 404 2717 διά
415 2649 637 2736 ψηφισμάτων
646 2651 702 2717 καί
719 2647 833 2734 νόμων
852 2661 921 2725 τοῖς
930 2648 992 2732 μὲν
1004 2652 1076 2714 είσ-

122 2748 238 2830 φέρειν
248 2745 491 2833 ἐπιτάττοντας,
508 2743 587 2824 τούς
598 2750 634 2815 δέ
644 2760 854 2834 τριηραρχεῖν
864 2744 1073 2833 κελεύοντας,

121 2840 201 2923 τούς
210 2843 247 2911 δὲ
258 2851 369 2930 πλεῖν,
390 2843 470 2924 τούς
487 2844 519 2913 δ’
531 2847 653 2914 ἕκαστα
670 2859 778 2915 ποιεῖν
791 2837 840 2914 όν
850 2851 909 2917 δεῖ.
944 2843 1076 2914 οάκοῦν

121 2939 219 3012 ταῦθ’
234 2941 325 3023 ὅπως
334 2949 505 3031 γίγνηται,
524 2944 718 3031 δικαστήρια
728 2953 894 3033 πληροῦτε
904 2948 959 3013 καὶ
969 2969 1073 3013 κατα-

123 3044 323 3129 γιγνώσκετε
340 3044 465 3130 δεσμόν
481 3052 551 3112 τοῖν
560 3042 810 3133 ἀκοσμούντων.
842 3045 1013 3126 σκέψασθε
1029 3039 1073 3128 δὴ

121 3141 181 3210 τὸν
190 3149 252 3209 τού
262 3150 369 3211 καλοῦ
381 3141 538 3230 κάγαθοῦ
545 3145 670 3212 τούτου
680 3143 806 3231 νόμον,
825 3141 869 3223 ὡς
878 3148 1074 3230 λυμαίνεται

78 3257 112 3311 93
120 3248 224 3307 ταῦτα
244 3244 300 3311 καὶ
319 3247 515 3330 διαφθείρει.
547 3248 728 3330 γέγραπται
747 3241 813 3330 γάρ
836 3243 947 3332 δήπου
968 3244 1007 3310 ἐν
1026 3245 1073 3329 τῷ

120 3337 213 3425 νόμῳ
226 3337 349 3423 αὐτοῦ,
367 3345 423 3410 καί
441 3351 475 3410 εί
480 3368 547 3410 τινι
554 3349 626 3410 ταῖν
635 3339 844 3428 ὀφειλόντων
854 3343 1073 3425 προστετίμη·
1082 3353 1142 3414 730

120 3461 173 3501 ται
184 3439 309 3522 δεσμοῦ
320 3434 343 3523 ἢ
354 3441 410 3506 καὶ
421 3438 458 3506 τὸ
481 3440 600 3511 λοιπὸν
611 3446 840 3528 προστιμηθῇ,
863 3438 949 3506 εἶναι
969 3461 1073 3505 κατα-
