2370 3854
193 198 256 260 262
398 203 494 258 XXIV.
529 200 946 262 ΔΗΜΟΣΘΕΝΟῬΣ

136 382 183 436 131
191 355 306 446 “βρίας
322 358 387 427 ἀπὸ
403 368 463 445 τῆς
477 362 514 427 έν
526 359 625 449 Νάξῳ
643 359 850 447 ναυμαχίας,”
883 370 1018 430 τοιαῦτα
1028 361 1093 450 γάρ
1103 356 1149 449 ἦν

193 458 233 524 τά
246 465 315 524 ταῖν
324 459 502 545 στεφάνων
513 460 760 546 ἐπιγράμματα.4
783 467 888 527 ταῦτα
898 460 961 546 μέν
970 468 1103 547 τοίνυν,
1125 459 1147 530 ἃ

192 557 355 642 πρότερον
366 564 465 643 ζῆλον
476 555 584 625 πολὺν
596 555 659 643 εἶχε
669 561 725 626 καὶ
736 565 926 645 φιλοτιμίαν
936 556 1032 645 ὑμῖν,
1054 557 1148 647 ἠφά-

192 675 299 722 νισται
308 658 582 741 καθαιρεθέντων
592 665 660 723 τῶν
671 657 861 742 στεφάνων·
878 659 929 725 ἐπὶ
938 658 975 726 δὲ
984 671 1055 736 ταῖς
1065 657 1147 742 φιά-

191 763 278 839 λαις,
301 752 340 834 ἀς
350 752 425 822 ἀντ’
439 759 577 824 ἐκείνων
589 755 763 842 ἐποιήσατο
779 752 860 840 ὑμῖν
870 753 888 824 ὁ
900 757 1025 840 πόρνος
1035 748 1144 842 οὗτος,

188 850 205 876 “
212 852 447 940 Ἀνδροτίωνος
457 857 716 939 ἐπιμελουμένου
726 851 948 939 έποιήθησαν”
970 855 1146 940 ἐπιγέγρα-

191 977 283 1036 πται,
306 953 361 1019 καὶ
378 943 422 1019 οὗ
439 950 475 1019 τό
489 960 584 1037 σοῖμα
594 949 808 1037 ἡταιρηκότος
818 949 881 1020 οὐκ
893 955 993 1019 ἐῶσιν
1003 955 1038 1019 οί
1046 951 1144 1037 νόμοι

190 1057 236 1128 είς
253 1051 293 1116 τὰ
305 1048 378 1133 ίερά
391 1053 542 1134 εἰσιέναι,
565 1049 687 1118 τούτου
696 1049 845 1136 τοῦνομα
855 1053 892 1117 έν
903 1063 971 1128 τοῖς
981 1053 1081 1136 ίεροῖς
1092 1052 1145 1118 ἐπὶ

189 1155 258 1214 τῶν
275 1155 406 1232 φιαλῶν
423 1151 652 1235 γεγραμμένον
669 1153 765 1217 ἐστίν.
796 1147 914 1235 ὅμοιόν
930 1175 985 1236 γε,
1008 1147 1143 1234 οάγάρ;

189 1253 289 1313 τοῦτο
300 1261 368 1324 τοῖς
379 1251 550 1334 προτέροις
562 1249 822 1335 ἐπιγράμμασιν,
833 1245 855 1335 ἢ
866 1256 1056 1335 φιλοτιμίαν
1067 1258 1145 1332 ίσην

45 1382 48 1387 ·
129 1368 180 1423 132
189 1349 264 1429 ἔχον
282 1344 370 1431 ὑμῖν.
403 1353 480 1433 τρία
496 1354 612 1415 τοίνυν
629 1350 665 1415 ἐκ
681 1348 804 1416 τοάτον
813 1345 854 1414 τά
866 1345 1028 1416 δεινότατ’
1040 1345 1083 1413 ἀν
1095 1372 1144 1423 τις

190 1448 256 1511 ῖδοι
273 1443 479 1529 πεπραγμέν’
499 1442 619 1524 αὐτοῖς.
651 1444 715 1531 τὴν
730 1446 791 1529 μὲν
807 1445 871 1529 γάρ
882 1443 968 1513 θεὸν
978 1441 1056 1522 τούς
1067 1464 1145 1509 στε-

189 1541 318 1626 φάνους
336 1542 551 1629 σεσυληκασι·
573 1551 630 1628 τῆς
647 1544 774 1621 πόλεως
791 1543 826 1611 δὲ
836 1543 896 1610 τὸν
906 1549 1004 1628 ζῆλον
1017 1539 1167 1630 ἠφανί-ῖ

187 1659 265 1705 κασι
279 1638 341 1706 τόν
358 1645 394 1707 ἐκ
411 1648 480 1707 τῶν
495 1647 619 1728 ἔργων,
643 1633 692 1707 τόν
707 1639 887 1726 ὑπόμνημα
905 1633 990 1724 ἦσαν
1005 1639 1098 1715 ὄντες
1109 1644 1144 1705 οῖ

186 1741 359 1822 στέφανοι·
382 1738 461 1816 τούς
478 1738 509 1805 δ’
529 1737 716 1817 ἀναθέντας
733 1739 835 1817 δόξαν
852 1736 893 1804 οὐ
909 1734 1032 1821 μικράν
1049 1733 1140 1821 ἀφῄ-

186 1862 317 1922 ρηνται,
339 1836 375 1904 τό
395 1843 506 1905 δοκεῖν
525 1829 574 1905 τόν
590 1831 632 1904 ἀν
650 1830 690 1903 εὖ
706 1835 862 1903 πάθωσιν
873 1836 1002 1902 ἐθέλειν
1011 1840 1141 1918 μεμνῆ-

185 1941 275 2000 σθαι.
300 1935 355 2000 καὶ
365 1943 502 2000 τοιαῦτα
513 1938 568 2001 καῖ
579 1943 723 2000 τοσαῦτα
733 1931 770 2001 τό
782 1940 912 2017 πλῆθος
923 1929 1008 1998 κακοὶ
1027 1936 1140 2014 είργα-

184 2033 298 2114 σμένοι
311 2037 357 2108 είς
367 2030 460 2098 τοῦτ’
473 2031 692 2118 ἀναισθησίας
704 2035 759 2099 καὶ
770 2031 893 2117 τόλμης
902 2030 1138 2115 προεληλύθα-

183 2150 237 2195 σιν
255 2127 343 2196 ὅσθ’
362 2127 459 2216 ὅμεν
475 2140 578 2200 οῖεται
595 2129 639 2199 δι’
659 2127 815 2200 ἐκεῖνον
798 2155 847 2214 οφ
874 2154 969 2214 νμιον
981 2128 1137 2212 σωθησε

183 2226 303 2314 σθαι,“
287 2254 304 2296 ο
317 2229 353 2298 δὲ
363 2231 598 2352 παρακάθηται
608 2232 664 2298 καὶ
674 2254 716 2297 ον
705 2226 923 2297 ’καταδύεται
933 2239 1001 2303 τοῖς
1010 2247 1139 2310 πεπρα-

9 2332 12 2337 ’
124 2341 175 2404 133
183 2329 323 2412 γμενοις
356 2327 491 2396 οὕτωδ’
504 2355 545 2397 ου
555 2353 661 2415 μονον
673 2335 718 2407 είς
727 2354 856 2414 χρηματ
859 2323 1033 2411 ’ἀναιδης,
1053 2319 1136 2390 ἀλλά

183 2427 239 2491 καῖ
254 2427 368 2505 σκαιός
386 2427 520 2494 ἐστιν’
491 2426 570 2494 ωστ’
590 2425 652 2496 οὐκ
671 2426 761 2494 οἶδεν
772 2423 936 2509 ἐκεῖνο,”
915 2450 968 2491 οτι
978 2426 1139 2508 στέφανοι

182 2526 244 2606 μέν
260 2522 381 2590 είσιν’
363 2533 481 2608 αρετῆς
495 2538 648 2610 σημεῖον,
673 2525 790 2610 φιάλαι
808 2523 844 2592 δὲ
865 2525 919 2589 καὶ
939 2522 980 2588 τά
1001 2529 1138 2588 τοιαῦτα

182 2619 347 2705 πλούτου,
369 2625 424 2688 καὶ
442 2621 649 2707 στέφανος
614 2648 675 2706 μεν
686 2646 789 2705 απας,
812 2612 1051 2707 κάνμικρόςῇ,
1074 2613 1137 2704 την

182 2725 258 2802 ῖσην
278 2726 468 2803 φιλοτιμίαν
483 2723 548 2803 ἔχει
565 2727 611 2804 τῷ
628 2719 776 2807 μεγάλῳ,
798 2718 973 2803 έκπωματα
991 2717 1023 2785 δ
1035 2714 1138 2804 ἦθο-

182 2815 336 2900 μιατήρια
355 2843 376 2901 η
394 2814 435 2883 τά
452 2823 589 2884 τοιαῦτα
606 2818 771 2901 κτήματα,
793 2815 905 2883 έάν
871 2843 932 2902 μεν
943 2814 1135 2904 ὑπερβάλλῃ

181 2920 228 3000 τῷ
239 2911 377 2998 πλήθει,
389 2914 539 2983 πλούτου
549 2916 623 2981 τινά
636 2917 736 2996 δόξαν
747 2925 987 3001 προσετρίψατο
999 2929 1068 2994 τοῖς
1077 2942 1135 2983 κε-

180 3013 369 3099 κτημένοις,
388 3010 447 3081 ἐάν
458 3011 487 3081 δ’
503 3016 555 3082 ἐπὶ
566 3029 695 3102 μικροῖς
705 3015 909 3101 σεμνύνηταί
917 3041 981 3101 τις,
999 3012 1134 3083 τοσοῦτ’

180 3107 291 3194 ἀπέχει
301 3121 364 3180 τοῦ
374 3111 570 3199 τιμηςτινδς
580 3111 635 3181 διὰ
651 3122 755 3182 ταῦτα
770 3129 881 3199 τυχεῖν
899 3111 977 3182 ὥστ’
997 3112 1134 3197 ἀπειρό-

179 3216 278 3287 καλος
296 3212 379 3294 πρὸς
395 3215 508 3291 ἔδοξεν
519 3211 612 3280 εἶναι.
647 3235 746 3289 ουτος
755 3216 871 3278 τοίνυν
883 3209 1013 3279 ἀνελοτν
1024 3209 1064 3277 τά
1075 3219 1134 3296 τῆς

180 3304 276 3389 δόξης
296 3308 445 3394 κτήματα
466 3309 506 3376 τά
528 3334 589 3377 του
577 3308 754 3377 πλούτου
770 3316 943 3396 πεποίηται
958 3334 1060 3395 μικρα
1048 3307 1131 3377 καὶ

29 3436 32 3441 ·
122 3395 328 3480 184αναξια
308 3431 412 3488 ομοιν
443 3433 498 3475 και
486 3404 582 3474 ονδ
597 3405 695 3475 ἐκεῖν’
710 3405 845 3493 εἷδεν,”
824 3432 875 3475 οτι
886 3433 969 3494 προς
979 3406 1040 3493 μὲν
1050 3434 1133 3493 χρη
