2370 3854
169 176 231 239 336
372 179 466 235 XXlX.
505 174 845 235 ΔΗΜΟΣΘΕΝΟ
855 174 922 234 ῬΣ

171 334 340 422 ἐξαγαγάν
356 337 412 403 καὶ
428 333 488 401 τὸν
498 332 624 401 λάκκον
634 339 816 419 συντρίψας
827 335 881 400 καλ
891 329 932 400 τά
942 331 1127 420 θυρώματ’

171 434 366 513 ἀποσπάσας
382 433 438 501 καὶ
455 432 563 519 μόνον
574 428 636 499 οὐκ
649 428 755 516 αὐτὴν
766 429 1127 519 τηνοίκίανέμπρήσας

171 532 348 620 Μέγαράδ’
370 532 512 618 ἐξῴκηκε
533 528 630 597 κάκεῖ
647 535 813 615 μετοίκιον
833 531 994 597 τέθεικεν.
1038 526 1128 598 ὥστε

170 629 257 701 πολὺ
274 627 317 698 ἀν
334 630 542 714 δικαιότερον
559 625 612 695 διά
629 635 732 695 ταῦτα
749 625 788 694 τά
799 631 880 713 ἔργα
890 635 1012 695 τοῦτον
1021 628 1126 715 μισή-

172 750 262 797 σαιτε
272 726 295 815 ἦ
306 732 387 815 ε’μοῦ
397 755 472 795 τινα
483 725 703 795 ἀνεπιείκειαν
715 731 938 811 καταγνοίητε.

145 843 162 894 4
254 832 337 913 Περὶ
353 828 414 914 μέν
431 820 493 894 οὖν
509 833 567 911 τῆς
585 827 832 910 αἰσχροκερδίας
853 831 912 910 τῆς
934 821 1123 893 τούτουκαὶ

171 934 302 1011 μιαρίας
318 922 462 1009 ὕστερόν
478 948 534 1008 μοι
552 927 646 989 δοκεῖ
656 926 836 1002 διεξελθεῖν
846 919 929 1005 πρὸς
939 918 1034 1008 ὑμᾶς.
1066 925 1124 991 καλ

81 1066 84 1071 -
170 1030 236 1089 νῦν
254 1020 284 1088 δ’
304 1019 348 1101 ἀς
365 1025 402 1089 ἐν
418 1024 608 1106 κεφαλαίοις
626 1017 805 1104 ἀκηκόατε·
827 1021 902 1102 περὶ
920 1018 956 1087 δέ
971 1027 1041 1089 τόν
1060 1047 1122 1107 με·

170 1124 446 1206 μαρτυρημένων,
470 1115 513 1196 ὡς
531 1123 620 1185 ἐστιν
637 1115 762 1204 ἀληθῆ,
785 1119 860 1202 περὶ
881 1110 992 1207 άνπερ
1014 1128 1122 1188 οίσετε

170 1215 232 1304 την
247 1225 378 1303 ψῆφον,
400 1215 463 1303 ἤδη
481 1216 678 1302 πειράσομαι
695 1216 865 1285 διδάσκειν
876 1215 971 1303 ὑμᾶς.
1007 1222 1122 1304 δέομαι

171 1313 203 1382 δ’
215 1313 327 1401 ὑμῶν,
350 1307 508 1401 ἀάνδρες
519 1316 685 1400 δικασταὶ,
709 1319 839 1383 δικαίαν
852 1317 981 1402 δέησιν,
1000 1320 1032 1397 ἐξ
1043 1326 1121 1385 ίσου

169 1413 263 1499 ἡμῶν
285 1410 481 1500 ἀμφοτέρων
505 1409 655 1479 ἀκοῦσαι.
698 1420 795 1480 τοῦτο
818 1412 848 1481 δ’
871 1417 939 1483 ἐστὶ
960 1419 1014 1483 καὶ
1036 1413 1177 1499 {salom

170 1509 267 1596 ὑμῶν
283 1508 418 1597 ὁμοίως·
439 1509 506 1600 όσφ
523 1507 588 1595 γάρ
611 1506 655 1577 ἀν
675 1507 911 1597 ἀκριβέστερον
931 1512 971 1581 τά
992 1538 1123 1599 πεπρα-

170 1613 274 1695 γμένα
289 1609 435 1695 μάθητε,
456 1608 604 1697 τοσοότφ
617 1612 823 1694 δικαιοτέραν
835 1614 889 1678 καί
900 1609 1122 1696 εὐορκοτέραν

146 1708 320 1794 σθησεσθε
337 1707 398 1794 την
417 1714 534 1792 ψῆφον
548 1708 623 1793 περὶ
640 1704 760 1774 αότιόν.
793 1710 942 1788 ἐπιδείξω
954 1708 989 1776 δὲ
999 1716 1123 1777 τοῦτον

172 1802 212 1871 οά
229 1803 337 1890 μόνον
353 1802 587 1891 ὡμολογηκότα
605 1803 688 1871 εἶναι
704 1802 765 1872 τόν
774 1805 912 1874 Μιλύαν
928 1806 1122 1893 ἐλεύθερον,

170 1901 254 1971 ἀλλά
270 1905 325 1970 καὶ
347 1901 496 1988 φανερόν
512 1899 606 1968 τοῦτ’
624 1907 709 1990 ἐργφ
727 1903 945 1989 πεποιηκότα,
966 1905 1022 1973 καί
1038 1901 1125 1991 πρός

169 1999 298 2078 τούτοις
309 2000 344 2067 ἐκ
355 1999 506 2086 βασάνου
514 2001 590 2084 περὶ
598 1997 709 2066 αὐτῶν
718 2002 906 2087 πεφευγότα
914 2009 1034 2071 τοῦτον
1042 2000 1124 2083 τοὺς

170 2095 426 2185 ἀκριβεστάτους
443 2100 610 2184 ἐλέγχους,
633 2100 688 2167 καί
706 2096 768 2167 οὐκ
786 2099 980 2188 ἐθελήσαντ’
995 2101 1124 2170 ἐκτοό-

169 2222 236 2264 των
251 2200 407 2278 ἐπιδεῖξαι
423 2194 486 2284 τὴν
503 2194 681 2284 ἀλήθειαν,
702 2196 785 2266 ἀλλά
797 2206 1055 2286 πανουργοῦντα
1065 2202 1123 2269 καὶ

170 2295 339 2382 μάρτυρας
356 2300 488 2376 ψευδεῖς
497 2297 726 2383 παρεχόμενον
737 2299 792 2365 καὶ
804 2300 1040 2367 διακλέπτοντα
1051 2313 1123 2379 τοῖς

171 2395 292 2461 ἑαυτοῦ
303 2392 414 2478 λόγοις
424 2391 487 2479 την
497 2390 660 2478 ἀλήθειαν
670 2401 740 2463 τῶν
749 2398 1007 2482 πεπραγμένων,
1032 2395 1122 2465 οὕτω

170 2492 325 2576 μεγάλοις
346 2493 401 2558 καί
422 2505 580 2576 φανεροῖς
600 2496 742 2578 ἐλέγχοις
780 2491 869 2560 οἷσθ’
892 2491 979 2580 ὑμᾶς
995 2493 1123 2575 πάντας

169 2598 320 2657 τίσεσθαι
336 2597 450 2675 σαφῶς
467 2585 517 2654 ὅτι
533 2586 626 2674 ἡμεῖς
643 2593 705 2674 μὲν
723 2587 834 2675 ἀληθῆ
844 2595 998 2677 λέγομεν,
1020 2584 1121 2671 οὗτος

168 2684 201 2754 δ’
220 2684 321 2755 οὐδέν
337 2684 428 2772 ὑγιὲς
450 2694 590 2772 είρηκεν.
623 2687 761 2773 άρξομαι
781 2686 813 2754 δ’
835 2689 994 2756 ἐντεῦθεν
1033 2688 1122 2757 ὅθεν

169 2787 223 2854 καί
233 2783 326 2870 ὑμεῖς
336 2783 431 2873 ῥᾷστ’
444 2780 487 2851 ἀν
497 2784 636 2870 μάθοιτε
647 2782 738 2871 κάγά
752 2785 876 2871 τάχιστ’
889 2783 934 2853 άν
945 2785 1121 2874 διδάξαιμι.

144 2904 161 2960 6
248 2881 329 2968 Ἐγώ
342 2883 418 2969 γάρ,
431 2875 458 2952 ά
469 2881 587 2967 ἀνδρες
599 2886 757 2970 δικασταὶ,
767 2893 972 2970 Δημοφῶντι
983 2888 1039 2952 καί
1051 2893 1121 2972 Θη-

170 2988 305 3071 ριππίδη
322 2983 378 3050 καί
393 2978 500 3071 τούτῳ
519 2985 611 3062 δίκας
621 2988 739 3070 ἔλαχον
750 2986 924 3069 ἐπιτροπῆς
935 2981 1121 3072 ἀποστερη-

168 3084 241 3160 θείς
257 3079 495 3150 ἁπάντωντῶν
506 3079 623 3150 όντων.
655 3084 834 3171 γενομένης
848 3085 887 3150 δέ
894 3108 949 3167 μοι
960 3088 1017 3168 τῆς
1027 3085 1121 3168 δίκης

169 3179 251 3263 πρός
268 3186 389 3248 τοῦτον
405 3181 540 3264 πρῶτον
556 3182 701 3261 ἐπέδειξα
712 3190 828 3268 σαφῶς
838 3194 906 3259 τοῖς
917 3180 1118 3265 δικάζουσιν,

169 3273 279 3358 ὥσπερ
290 3275 369 3363 ὑμῖν
381 3282 537 3363 ἐπιδείξω,
550 3275 650 3346 πάνθ’
663 3277 726 3349 ὅσα
735 3278 815 3371 ἡμῖν
825 3284 1026 3364 κατελείφθη
1037 3279 1120 3366 χρή·
1174 3274 1177 3281 ’

168 3395 253 3451 ματα
263 3370 508 3462 ἀπεστερηκότα
518 3382 639 3443 τοῦτον
648 3379 720 3462 μετ’
733 3385 884 3465 ἐκείνων,
900 3375 942 3444 οό
952 3391 1120 3458 καταψευ-
