2370 3854
259 202 404 262 ΚΑΤΑ
424 199 884 262 ΑΡΙΣΤΟΚΡΑΤΟῬΣ.
985 196 1047 259 169

479 365 657 426 ΝΟΜΟΣ.

84 559 87 562 ᾗ
182 470 269 558 [mv
284 501 328 550 τις
344 477 433 562 βιαίῳ
450 469 575 560 θανάτῳ
594 466 751 562 ἀποθάνη,
776 469 850 557 ὑπὲρ
865 472 970 540 τούτου
986 484 1048 550 τοῖς

141 555 342 642 προσήκουσιν
359 554 436 622 εἶναι
451 552 503 632 τάς
519 550 733 640 ἀνδροληψίας,
749 557 803 633 ἕως
813 550 885 640 ἀνῆ
902 563 986 635 δίκας
995 566 1048 622 τοῦ

143 639 240 722 φόνου
252 637 421 724 ὑπόσχωσιν
434 635 455 722 ἢ
470 634 539 716 τοὺς
555 632 783 716 ἀποκτείναντας
800 640 914 705 ίκδῶσι.
944 640 1000 724 τὴν
1017 642 1049 705 δὲ

142 721 348 810 ἀνδροληψίαν
358 720 435 788 εἶναι
445 723 528 808 μέχρι
537 730 636 806 τριῶν,
647 723 736 787 πλέον
746 724 779 788 δὲ
788 719 851 806 μβ]

181 866 335 942 Πολλῶν,
350 849 508 941 ύάνδρες
515 851 697 943 Ἀθηναῖοι,
715 863 824 938 καλῶς
836 858 979 945 ἐχόντων
989 855 1049 924 νό-

99 985 173 1046 μων
189 957 253 1026 οὑκ
271 953 335 1024 οἶδ’
349 965 382 1023 εί
393 979 483 1033 τινος
498 945 600 1040 ἧττον
612 946 711 1034 οὑτος
728 960 793 1043 ἔχει
808 963 917 1035 καλῶς
931 956 988 1023 καὶ
999 959 1050 1021 δι-

67 1087 70 1093 ·
99 1064 200 1135 καίως
211 1052 228 1122 δ
241 1054 352 1142 νόμος.
373 1056 543 1134 σκέψασθε
559 1050 623 1139 γὰρ
636 1049 680 1132 ὑς
693 1060 840 1140 νομίμως
850 1056 906 1123 καλ
917 1054 1049 1140 σφόδρα
1059 1053 1110 1112 648

58 1153 324 1240 εὸἀνθρωπίνως
334 1165 448 1219 κεῖται.
475 1148 534 1217 ἐόν
544 1176 592 1227 τις
608 1155 704 1238 βιαίῳ
722 1150 861 1240 θανάτῳ
879 1148 1048 1239 ἀποθόνη,

100 1258 191 1339 φησί.
235 1257 368 1337 πρῶτον
393 1245 516 1335 μὲνδὴ
539 1254 637 1314 τοῦτο
659 1248 875 1334 προσγράψας
896 1248 932 1318 τὸ
954 1257 1049 1339 βιαίῳ

101 1352 272 1437 σύμβολον
283 1353 478 1432 πεποίηκεν,
493 1337 760 1435 ᾦγιγνῶσιιομεν
772 1343 839 1432 δ’τι,
862 1343 906 1415 ἀν
918 1345 1049 1433 ἀδίκως,

103 1450 199 1530 λέγει.
229 1443 314 1531 ὑπὲρ
332 1444 453 1513 τούτου
463 1444 545 1529 ῳησλ
563 1455 631 1521 τοῖς
647 1443 878 1530 προσήκουσιν
899 1441 983 1511 εἶναι
994 1444 1053 1522 τοὶς

103 1544 343 1630 ἀνδροληψίας,
361 1543 422 1621 ἕως
434 1536 478 1608 ἀν
493 1536 517 1628 ἢ
529 1544 622 1620 δίκας
632 1549 695 1609 τοῦ
704 1541 815 1627 φόνου
825 1537 1051 1628 ὑπόσχωσινῆ

104 1641 182 1721 τοὺς
210 1639 467 1719 ἀποκτείναντας
489 1642 617 1708 ἐκδῶσι.
666 1649 846 1709 σκοπεῖσθε
867 1637 911 1720 ῶς
931 1649 1049 1720 καλῶς.

103 1739 268 1824 πρότερον
279 1739 341 1826 μὲν
351 1736 508 1825 ὑποσχεῖν
519 1744 613 1818 δίκας
624 1737 723 1826 ἀξιοῖ,
743 1738 824 1825 μετδι
834 1747 938 1807 ταῦτα
949 1739 995 1825 δὲ,
1008 1736 1052 1807 ἀν

102 1846 202 1906 τοῦτο
223 1836 269 1925 μὴ
290 1838 494 1926 βούλωνται,
516 1841 716 1923 προσέταξεν
736 1840 906 1906 ἐκδοῦναι·
933 1834 995 1906 ἐὰν
1015 1838 1052 1907 δὲ

103 1940 284 2023 μηδέτερον
294 1935 424 2004 τούτων
435 1939 586 2021 ἐθέλωσι,
604 1934 641 2003 τδ
653 1931 879 2022 ἀνδρολήψιόν
891 1956 995 2023 φησιν
1006 1935 1053 2004 ελ-

103 2062 159 2102 ναι
169 2037 264 2120 μέχρι
274 2041 386 2121 τριῶν,
397 2038 500 2103 πλέον
513 2035 549 2104 δὲ
559 2034 614 2121 μή.
644 2033 735 2120 παρά
752 2042 869 2102 τοίνυν
882 2034 963 2104 ὅλου
973 2042 1054 2103 τοῦ·

59 2142 162 2200 θετον
173 2131 234 2202 τόν
244 2133 351 2219 νόμον
367 2142 493 2220 εἴρηται
503 2131 539 2200 τδ
551 2133 716 2220 ψήφισμα.
750 2139 883 2218 πρῶτον
899 2133 962 2217 μὲν
977 2131 1053 2219 γάρ,

103 2230 164 2299 ε’ἀν
180 2257 229 2308 τις
247 2228 425 2316 ἀποκτείνη
445 2228 603 2314 γράφων,
626 2227 668 2294 ού
687 2231 917 2314 προσέγραψεν
932 2228 1054 2309 ἀδίκως

105 2326 183 2395 οὑδὲ
193 2333 307 2414 βιαίως
319 2323 394 2393 οὐδ’
404 2324 490 2404 ὅλως
497 2323 605 2394 ούδέυ.
624 2323 693 2392 εἶτα
703 2321 838 2411 πρότού
848 2330 946 2412 δίκην
956 2325 1055 2406 ἀξιῶ-

106 2445 161 2492 σαι
178 2430 292 2511 λαβεῖν
310 2419 416 2503 εύθὺς
432 2427 576 2508 ἔγραψεν
596 2420 766 2509 ἀγώγιμον
783 2419 875 2492 εἶναι.
914 2423 998 2512 πρδς
1019 2427 1056 2495 δδ

105 2522 235 2600 τούτοις
246 2519 264 2589 ὑ
276 2521 339 2608 μὲν
348 2520 461 2608 νόμος,
474 2520 533 2590 ίάν
542 2522 624 2608 μήτε
637 2525 730 2601 δίκας
740 2518 909 2610 ὑπόσχωσι
919 2521 992 2610 παρ’
1007 2520 1056 2604 οἷς

107 2619 149 2689 ἀν
158 2620 196 2690 τό
210 2618 320 2701 πόθος
329 2623 481 2708 γένηται,
498 2620 580 2708 μήτε
590 2619 669 2701 τοὺς
680 2620 880 2706 δεδρακότας
891 2625 1054 2708 ἐκδιδῶσι,

107 2718 234 2788 κελεύει
251 2717 334 2787 κατδι
351 2718 481 2786 τούτων
497 2718 581 2787 εἶναι
598 2721 692 2806 μέχρι
708 2726 811 2807 τριῶν
834 2719 871 2788 τὸ
889 2718 1056 2808 ἀνδρολή-

62 2837 95 2888 85
107 2831 201 2898 ψιον·
224 2815 242 2884 ὁ
256 2818 292 2886 δὲ
301 2817 442 2897 τούτους
451 2817 513 2903 μὲν
524 2816 662 2911 ἀθρόους
672 2826 818 2906 παρῆκε,
840 2820 896 2887 καὶ
906 2816 985 2890 ούδλ
996 2820 1074 2889 λό-·

107 2940 170 2999 γον
191 2920 364 3004 πεποίηται
384 2917 459 3003 περὶ
477 2915 590 2985 αύτῶν
606 2914 745 3004 ούδένα,
766 2915 845 2997 τοὺς
864 2919 900 2987 δε
915 2917 976 2986 τόν
992 2918 1056 3004 ἤδη

108 3014 298 3099 πεφευγότα
315 3014 426 3103 (θήσω
441 3013 507 3101 γὰρ
524 3012 627 3099 οὑτω)
643 3013 726 3082 κατὰ
743 3013 804 3083 τδν
821 3013 938 3084 κοινόν
948 3013 1058 3082 ἁπόν-

110 3137 176 3178 των
187 3108 381 3196 ἀνθρώπων
392 3112 517 3199 νόμον,
539 3109 574 3191 δς
591 3126 694 3180 κεῖται
705 3109 767 3178 τῶν
785 3112 955 3197 φεύγοντα
967 3116 1058 3198 δέχε-

109 3220 200 3293 σθαι,
212 3207 479 3297 ὑποδεξαμένους
488 3210 694 3289 ἐκσπόνδους
706 3208 789 3278 εἶναι
799 3210 930 3298 γράφει,
943 3212 1002 3279 ἐὰν
1013 3213 1057 3298 μή

108 3307 167 3375 τὸν
177 3309 290 3393 ἱκέτην
307 3312 443 3377 ἔκδοτον
454 3312 599 3378 διδῶσιν.
633 3306 762 3377 ούκούν
772 3311 826 3377 καλ
837 3316 886 3400 τῳ
894 3308 940 3399 μὴ
954 3330 1060 3397 προσ-

108 3415 220 3475 θεῖναι
241 3414 326 3492 πῶς,
350 3404 409 3476 ίάν
430 3405 624 3498 ἀποκτείνῃ,
652 3409 708 3476 καὶ
733 3415 781 3500 τῷ
802 3411 965 3495 μηδεμίαν
986 3420 1042 3494 κρῖ
