2370 3854
341 172 485 235 ΠΡΟΣ
512 172 807 234 ΛΕΠΤῙΝΗΝ.
1016 174 1054 237 17

96 353 147 411 ελν
162 330 221 425 εά,
242 334 387 422 μάλιστα
406 329 437 400 δ’
452 336 487 400 οἰ
501 329 591 418 παρά
609 331 667 411 τάς
683 341 807 419 χρείας,
831 326 881 403 οἶν
899 327 1056 416 εἰςοάτος

94 436 184 525 ἆνὴρ
204 430 258 504 τόν
277 439 440 521 φαίνεται.
474 429 534 499 εἰτ’
551 429 616 498 οάκ
633 431 864 520 αἰσχυνόμεθ’,
888 427 1055 515 ω’άνδρες

92 527 279 623 Ἇθηναίοι,
291 528 370 609 τούς
380 538 442 598 τοῦ
452 530 606 598 τοιούτου
618 533 736 609 παῖδας
746 538 777 599 εἰ
783 537 947 619 μηδεμίαν
955 559 1055 622 ποιη-

94 636 236 722 σάμενοι
251 629 382 699 τοάτων
398 626 541 715 μηδενός
559 636 677 714 μνείαν
694 628 901 718 άφηρημένοι
920 633 1055 718 φανού-

56 744 188 822 ςχμεθα
197 733 260 819 τόν
272 725 418 812 δωρεάν,
429 727 535 814 μηδὲν
546 733 676 813 ἔχοντες·
684 730 873 813 έχκαλέσαις
896 727 1055 817 οάχάρεί

96 832 275 920 έτεροιμὲν
283 821 370 915 ἦσαν
382 831 417 895 oc
424 826 499 895 τότε
511 830 677 905 σωθέντες
687 823 743 895 ὑπ’
754 827 927 899 αὐτοῦκαὶ
938 831 1054 908 δόντες

95 928 159 1016 τὴν
175 925 341 1012 άτέλειαν,
363 926 471 1008 ἕτεροι
489 921 522 992 δ’
541 922 637 1011 ’ὑμεῖς
658 930 693 993 οἰ
710 933 776 994 νῦν
796 925 1051 1016 άφαιροάμενοι,

93 1026 236 1097 άπολάει
249 1031 349 1093 τοῦτο
365 1020 429 1109 τὴν
445 1024 623 1110 αἰσχύνην,
646 1022 721 1093 ἀλλ’
740 1025 821 1094 αάτό
835 1025 876 1114 δὴ
888 1037 986 1097 τοῦτο
996 1029 1052 1096 καὶ

94 1123 133 1194 τό
158 1124 271 1194 δεινόν
290 1127 390 1192 ἐστιν.
424 1128 455 1191 εἰ
463 1119 528 1208 γάρ
547 1126 583 1191 os
595 1122 658 1208 μὲν
675 1125 797 1203 εἰδότες
814 1128 870 1194 καὶ
885 1126 1052 1201 παθόντες

94 1224 171 1304 άξια
190 1223 322 1291 τούτων
342 1220 494 1306 ἐνόμιζον
516 1212 555 1287 εὖ
576 1219 729 1306 πάσχειν,
752 1218 846 1306 ἡμεῖς
863 1220 895 1289 δ’
912 1228 948 1290 οί
961 1223 1050 1311 λόγῳ

93 1319 189 1391 ταῦτ’
201 1318 384 1399 άκοάοντες
395 1316 440 1398 ὡς
451 1317 596 1397 άναξίων
606 1316 882 1405 ἀφαιρησόμεθα,
905 1328 974 1398 πῶς
990 1320 1053 1407 οὐχ

54 1418 294 1506 λδῦπέρδεινον
308 1420 506 1504 ποιήσομενς
528 1414 546 1484 ὁ
564 1414 667 1495 αὐτός
683 1425 799 1485 τοίνυν
809 1419 1052 1504 έστίμοιλόχος

93 1510 194 1598 οὗτος
201 1520 259 1587 καὶ
268 1521 344 1603 περὶ
353 1524 421 1585 τόν
437 1513 516 1594 τούς
534 1522 766 1598 τετρακοσίους
781 1517 1049 1604 καταλυσάντων,

94 1618 153 1687 καί
166 1618 243 1701 περί
257 1622 326 1685 τάν
342 1612 393 1683 ὅτ’
415 1611 592 1700 ἔφευχενό
611 1618 715 1700 δῆμος
731 1621 911 1700 χρησίμους
928 1613 1051 1694 αὐτοὺς

93 1712 352 1799 παρασχόντων·
375 1713 500 1791 πάντας
518 1710 582 1797 γάρ
600 1710 875 1798 αὐτοάςὴγοάμαι
887 1714 1050 1782 δεινότατ’

95 1810 141 1882 άν
151 1822 291 1897 παθεῖν,
302 1821 335 1880 εί
342 1838 374 1879 τι
382 1820 450 1880 τῶν
460 1812 534 1879 τότε
544 1814 785 1897 ψηφισθέντων
798 1809 911 1890 αὐτοῖς
920 1820 1050 1897 λυθείη.

52 1934 88 1989 49
182 1917 227 1981 Εἰ
241 1917 357 1979 τοίνυν
373 1937 423 1989 τις
439 1908 536 1996 ὑμῶν
549 1911 660 1978 έκεῖνο
676 1911 862 1994 πέπεισται,
884 1909 972 1979 πολά
989 1916 1051 1980 τοῦ

94 2016 264 2098 δεηθῆναί
269 2035 359 2087 τινος
367 2010 524 2076 τοιούτου
535 2015 601 2075 νῦν
612 2006 744 2092 ἀπέχειν
754 2005 817 2094 τὴν
827 2009 935 2095 πόλιν,
947 2015 1051 2077 ταῦτα

93 2111 158 2198 μὲν
168 2108 319 2196 εὐχέσθω
329 2123 398 2186 τοῖς
407 2119 516 2194 θεοῖς,
529 2104 619 2191 κάμω
631 2106 849 2191 συνεύχομαι,
868 2109 1051 2192 λογιζέσθω

94 2209 132 2279 δέ
149 2206 363 2293 πρῶτονμὲν
379 2206 432 2273 ότι
447 2208 522 2291 περὶ
537 2207 646 2290 νόμον
664 2207 774 2289 μέλλει
785 2206 901 2288 φέρειν
912 2203 973 2289 τὴν
984 2212 1052 2289 ψῆ-

96 2332 183 2392 φον,
206 2296 234 2395 ᾖ
251 2303 297 2391 μὴ
312 2307 452 2372 λυθέντι
470 2303 579 2388 δεήσει
596 2309 756 2386 χρῆσθαι,
780 2299 938 2384 δεύτερον
949 2299 981 2368 δ’
1000 2300 1052 2370 ότι

98 2404 303 2491 βλάπτουσιν
320 2407 355 2471 ολ
369 2403 507 2487 πονηροὶ
526 2399 623 2486 νόμοι
639 2401 695 2467 καὶ
711 2398 769 2477 τάς
779 2396 938 2484 άσφαλός
948 2406 1051 2468 οἰκεῖν

96 2506 250 2589 οἰομένας
260 2502 381 2580 πόλεις.
402 2499 445 2568 οὗ
456 2501 521 2585 γάρ
533 2496 577 2567 όν
587 2503 759 2585 μετέπιπτε
769 2496 810 2566 τά
821 2497 988 2584 πράγματ’
1002 2494 1049 2568 ἐπ’

91 2598 269 2688 ἀμφότερ’,
282 2598 365 2687 εἰμὴ
376 2599 455 2678 τοὺς
465 2599 526 2685 μὲν
536 2603 573 2666 έν
582 2597 729 2685 κινδύνῳ
740 2598 986 2683 καθεστηκότας
996 2598 1051 2664 καὶ

93 2699 230 2783 πράξεις
238 2701 374 2785 χρησταί
384 2700 440 2766 καί
450 2697 548 2783 νόμοι
558 2697 612 2764 καὶ
623 2694 743 2779 ἄνδρες
750 2698 883 2782 χρηστοί
892 2699 947 2763 καὶ
956 2691 1047 2764 πάντ’

91 2793 286 2882 ἐξητασμέν’
303 2798 356 2863 ἐπὶ
372 2794 409 2863 τό
426 2800 558 2883 βέλτιον
572 2803 714 2880 προῆχε,
735 2794 815 2873 τούς
831 2791 863 2862 δ’
881 2796 918 2862 έν
938 2792 1050 2883 ἁπάσῃ

92 2893 301 2963 καθεστάναι
319 2899 503 2974 δοκοῦντας
519 2893 713 2981 εὐδαιμονίᾳ
732 2893 841 2960 πάντα
858 2890 953 2960 ταῦτ’
967 2892 1048 2978 άμε-
1058 2907 1111 2963 472

52 2992 244 3079 ὅθλοάμενα
253 2991 391 3078 ὑπέρρει
402 2994 485 3062 κατὰ
496 2994 625 3081 μικρόν.
659 2994 801 3079 τῶνγὰρ
811 2990 1004 3075 άνθροόπων
1015 2996 1050 3059 οἱ

79 3101 243 3177 Ιπλεῖστοι
261 3099 404 3159 κτῶνται
420 3097 482 3178 μέν
497 3091 629 3180 τάχαθά
647 3100 695 3181 τῷ
704 3098 814 3167 καλῶς
823 3090 1049 3176 βουλεύεσθαι

93 3193 149 3259 καί
158 3185 302 3277 μηδενός
315 3207 556 3278 καταφρονεῖν,
579 3192 757 3277 φυλάττειν
775 3186 807 3255 δ’
821 3185 884 3256 οὐκ
895 3192 1050 3258 ἐθέλουσι

95 3302 164 3368 τοῖς
185 3286 300 3366 αὐτοῖς
320 3288 458 3368 τούτοις.
500 3288 520 3358 ὃ
540 3288 584 3377 μὴ
606 3290 734 3375 πάθητε
755 3296 821 3356 νῦν
841 3287 951 3376 ὑμεῖς,
972 3286 1049 3375 μηδ’

96 3397 212 3457 οίεσθε
220 3388 328 3473 νόμον
336 3398 489 3457 τοιοῦτον
497 3395 623 3461 θέσθαι
635 3394 724 3482 δεῖν,
737 3386 777 3474 ὃς
787 3396 903 3471 καλῶς
913 3416 951 3458 τε
961 3390 1081 3473 πρόκα

135 3484 270 3535 Βεωαεείι,
301 3484 356 3537 Vol.
370 3486 405 3538 ΙΙ.
848 3497 872 3546 ᾖ,
