2370 3854
183 193 246 256 260
390 197 485 252 XXIV.
517 195 551 253 Δ
560 193 640 253 ΗΜ
645 193 825 254 ΟΣΘΕΝ
832 196 935 256 ΟΤΣ

183 351 280 441 ὑμῶν
301 353 490 441 οὐδέτερος,
512 351 587 422 οὐδ’
612 351 809 438 ἀγανακτῶν
828 355 928 442 όφθη
947 356 1031 442 ὑπὲρ
1052 350 1139 445 όνὴ

184 453 279 530 πόλις
290 452 426 537 πάσχοι,
440 448 514 518 ἀλλ’
527 447 664 518 ἐνταῦθ’
677 450 824 537 ἐφάνηθ’
837 449 934 537 ἡμῶν
948 456 1138 543 κηδόμενοι,

123 551 176 606 1⁷4
184 544 228 618 οὗ
244 550 388 630 πολλοὺς
399 554 465 618 ἔδει
475 558 585 627 κακῶς
596 558 745 635 ποιῆσαις
768 548 952 636 βούλεσθε,
979 545 1007 618 ὦ
1018 550 1141 637 ἀνδρες

180 648 367 736 Ἀθηναῖοι,
390 647 426 716 τὸ
444 647 573 716 τούτων
590 647 770 731 αίτιονέγώ
783 644 974 731 ὑμίνείπως
995 648 1047 716 ότι
1058 651 1141 718 τού-

183 775 251 817 των
267 750 329 834 μέν
346 749 538 834 μετέχουσιν
554 739 603 814 τόν
618 745 793 814 ἀδικοῦσιν
804 743 892 833 ἀμάς
902 747 1003 834 τινές,
1026 748 1090 817 ἀπὸ
1104 749 1141 816 δὲ

183 856 252 915 τόν
270 849 556 932 εἰσπραττομένων
573 843 814 931 ὑφαιροῦνται·
838 845 881 914 δι’
903 843 1086 933 ἀπληστίαν
1104 849 1141 916 δὲ

183 945 316 1031 τρόπων
328 945 465 1031 διχόθεν
475 951 681 1028 καρποῦνται
691 943 754 1031 την
764 944 871 1012 πόλιν.
893 945 971 1013 οὔτε
980 945 1045 1032 γάρ
1054 949 1140 1035 ῥᾷον

184 1053 318 1122 πολλοῖς
334 1047 388 1112 καὶ
406 1041 507 1131 μικρά
524 1042 698 1111 ἀδικοῦσιν
715 1041 969 1128 ἀπεχθάνεσθαι
982 1041 1004 1130 η”
1015 1043 1140 1129 ἀλόγοις

184 1146 240 1212 καὶ
256 1145 398 1230 μεγάλα,
420 1143 499 1211 οὔτε
517 1142 782 1229 δημοτικώτερον
800 1142 910 1229 δήπου
926 1139 1044 1210 τάτων
1055 1151 1140 1209 πολ-

185 1249 254 1309 λῶν
265 1239 447 1329 ἀδικήμαθ’
461 1240 545 1325 ὁρᾶν
555 1237 578 1327 ἦ
587 1238 629 1308 τά
639 1248 709 1308 τεόν
721 1239 852 1326 ὀλίγων.
885 1237 968 1309 ἀλλὰ
979 1238 1071 1307 τοῦτ’
1085 1251 1140 1308 αί-

125 1351 175 1406 175
184 1367 256 1408 τιον
267 1337 357 1426 οὑγιό
370 1343 463 1427 λέγω.
499 1345 552 1409 δεῖ
557 1346 674 1408 τοίνυν
684 1338 771 1427 ὑμᾶς
780 1347 885 1407 ταῦτα
897 1342 1138 1427 λογιζομένους,

185 1443 240 1506 καὶ
250 1443 479 1526 μεμνημένους
502 1431 550 1506 οἷν
578 1434 622 1506 ἀν
643 1440 780 1516 ἕκαστος
802 1436 947 1525 ἁμάρτη,
976 1439 1138 1523 κολάζειν,

185 1536 266 1605 ὅταν
276 1537 400 1624 λάβητέ
408 1563 499 1623 τινα,
512 1535 622 1622 καὶμὴ
635 1536 696 1604 τόν
703 1537 837 1622 χρόνον,
850 1543 881 1604 εί
889 1537 993 1615 πολύς
1004 1535 1071 1604 ἐστ’
1083 1533 1138 1604 ἀπ’

70 1712 73 1717 ,
185 1640 331 1720 ἐκείνου,
355 1649 507 1721 σκοπεῖν,
530 1633 602 1702 ἀλλ’
627 1641 658 1702 εί
675 1633 771 1701 ταῦτ’
788 1637 932 1703 ἐποίουν.
968 1633 1012 1714 ὥς
1029 1641 1059 1702 εί
1073 1643 1140 1701 νῦν

185 1733 300 1817 πράως
310 1731 410 1800 οἴσετ’
425 1731 481 1818 ἐφ’
493 1730 543 1811 οἷς
552 1731 622 1801 τότ’
634 1730 861 1819 ἠγανακτεῖτε,
886 1731 989 1812 δόξετ’
1009 1730 1141 1817 ὀργιζό-

186 1857 280 1916 μενοι
290 1833 534 1916 κατεγνωκέναι
545 1831 585 1899 τά
596 1834 745 1917 χρήματα
757 1831 903 1915 τούτων,
926 1827 988 1897 οὐκ
999 1828 1142 1897 ἀδικού-

186 1953 289 2014 μενοι.
325 1938 392 1995 τόν
403 1930 465 2013 μὲν
474 1927 539 2013 γάρ
551 1927 772 2014 ὀργιζομένων
783 1931 872 1996 ἐστὶν
882 1928 981 2008 ὀξέως
991 1954 1022 1995 τι
1033 1928 1141 1997 κακόν

185 2026 245 2094 τόν
272 2025 472 2112 λελυπηκότ’
496 2026 717 2113 ἐργάσασθαι,
750 2035 818 2094 των
839 2026 875 2095 δέ
897 2024 1138 2114 ἀδικουμένων,

186 2121 267 2193 όταν
278 2122 354 2194 ποθ’
363 2123 419 2211 ὑφ’
429 2122 540 2204 αὑτοῖς
550 2125 675 2212 λάβωσι
683 2125 744 2194 τόν
753 2124 943 2213 ἠδικηκότα,
952 2125 1026 2192 τότε
1036 2152 1140 2211 τιμω-

186 2225 363 2310 ρήσασθαι.
395 2222 522 2293 οάκονν
534 2229 704 2294 δεῖδοκείν
714 2233 780 2293 νῦν
790 2228 1054 2312 μαλακισθέντας
1065 2224 1140 2292 τότε

185 2330 254 2390 τῶν
264 2319 511 2409 ὀμωμοσμένων
539 2322 651 2409 ὅρκων
678 2322 905 2411 ἀμελήσαντας
925 2321 1005 2409 ὑμῖν
1027 2319 1139 2401 αὐτοῖς

184 2428 385 2505 χαρίσασθαι
395 2422 484 2507 παρά
494 2420 531 2489 τό
543 2426 681 2508 δίκαιον,
693 2420 776 2489 ἀλλὰ
786 2436 895 2508 μισείν
905 2425 960 2489 καὶ
970 2420 1048 2508 μηδ’
1061 2418 1141 2488 ἀνέ-
1150 2425 1184 2481 75

185 2525 304 2602 χεσθαι
321 2518 440 2604 φωνὴν
456 2517 536 2605 μήτε
546 2518 667 2587 τοότου
678 2518 753 2605 μη’τ’
765 2524 911 2605 ἐκείνου,
933 2530 1069 2588 τοιαῦτα
1080 2543 1141 2586 πε-

186 2618 439 2702 πολιτενμένων.

125 2723 175 2778 176
268 2714 363 2782 Ἀλλὰ
387 2713 428 2800 νη
450 2721 518 2781 Δία
539 2723 644 2782 ταῦτα
667 2715 773 2800 μόνον
796 2724 940 2782 τοιοῦτοι
959 2714 1140 2802 γεγόνασιν

186 2816 223 2881 έν
244 2807 292 2889 οἷς
310 2817 576 2898 πεπολίτευνται,
598 2811 684 2880 ἀλλα
702 2811 735 2880 δ’
758 2811 831 2882 ἔσθ’
851 2812 998 2894 ἀκαλῶς
1016 2816 1140 2905 διφκη-

185 2929 306 2979 κασιν·
336 2907 420 2979 ἀλλὰ
443 2914 498 2978 καὶ
518 2910 621 2979 τάλλα
640 2911 729 2980 οὕτω
757 2914 1028 3032 προσεληλύθασι
1055 2912 1140 3000 πρὸς

188 3008 274 3096 ὑμᾶς
301 3006 389 3078 ὥσθ’
418 3007 536 3096 ἥκιστα
562 3014 600 3078 ἐν
623 3005 713 3089 εἷς’
694 3010 858 3095 ακηκόατε
881 3010 1011 3091 ἀξιόν’
995 3030 1064 3080 εστι
1083 3037 1140 3097 μι-

187 3123 258 3177 σεῖν
279 3107 410 3188 αὐτούς.
445 3116 478 3178 τί
491 3107 556 3195 γάρ
573 3109 739 3196 βούλεσθε
756 3119 854 3191 εἶπως
875 3108 916 3178 τά
933 3124 1076 3198 πομπεῖα
1095 3136 1140 3188 ως

185 3207 441 3292 ἐπεσκευάκασι,
464 3209 573 3277 καὶ
536 3235 597 3295 την
613 3215 681 3276 τόν
693 3208 872 3294 στεφανων
881 3215 1095 3294 καθαίρεσιν,
1116 3235 1137 3293 η

126 3297 220 3352 17⁷
184 3330 245 3389 την
262 3313 330 3373 τῶν
347 3313 480 3390 φιαλῶν
497 3305 677 3393 ποίησιν
641 3333 704 3392 την
715 3307 839 3394 καλήνς
861 3305 935 3376 ἀλλ’
948 3307 1140 3384 ἐπὶτοότοις

184 3411 237 3487 γ’,
262 3408 293 3472 εί
305 3405 409 3488 μηδεν
421 3404 501 3473 αλλο
512 3402 698 3491 ηδίκονν
661 3430 724 3492 την
734 3407 848 3493 πολιν,
878 3404 1042 3493 τρὶς,.ουχ
1053 3404 1139 3484 απαξ
