2370 3854
152 220 195 284 56
363 225 435 282 xxl.
476 218 892 282 ΔΗΜΟΣΘΕΝΟΤΣ

154 384 319 467 δικασταί,
341 384 397 451 καί
415 379 551 450 ἱκετεύω
569 388 702 466 πρῶτον
721 376 955 466 μὲνέὐνοῐκοῐς
966 375 1112 449 ἀκοῦσαί

152 506 220 569 μον
235 481 405 567 λέγοντος,
426 477 539 565 ἔπειτ’,
562 476 622 547 ἐὰν
638 481 787 558 ἐπιδείξω
806 482 953 546 Μειδίαν
974 478 1108 547 τουτονὶ

152 577 197 666 μη
214 578 321 664 μόνον
337 585 384 658 είς
399 580 472 665 ἐμὲ,
496 574 579 645 ἀλλὰ
597 579 653 645 καὶ
669 582 715 656 είς
733 574 819 666 ὑμᾶς
835 579 891 646 καί
901 583 947 657 είς
957 575 1037 657 τοὺς
1047 576 1108 645 νό-

152 703 235 764 μους
247 680 301 744 καί
312 682 358 756 είς
368 676 447 756 τούς
458 674 580 755 ἄλλους
591 674 740 757 ἅπαντας
751 672 928 764 ὑβρικότα,
938 683 1108 765 βοηθῆσαι

152 777 207 843 καὶ
223 777 295 862 ἐμοὶ
312 776 369 844 καὶ
385 771 467 863 ὑμίν
487 771 606 852 αὐτοῖς.
640 771 776 860 καὶγὰρ
795 772 884 842 οὕτω
895 797 964 852 πως
976 779 1056 860 ἔχει,
1080 765 1108 842 οἷ

152 873 271 960 ἄνδρες
278 871 467 959 Ἀθηναῖοι·
490 871 651 960 ὕβρισμαι
667 874 730 960 μὲν
746 874 808 959 ἐμοὶ
828 871 1107 960 καίπροπεπηλό-

28 1034 31 1041 ,
152 993 259 1039 κισται
269 968 306 1039 τδ
319 978 414 1056 σῶμα
425 969 553 1056 τούμόν
563 972 654 1056 τότε,
672 967 861 1057 ἀγωνιεῖται
872 974 973 1040 δὲκαὶ
985 969 1108 1057 κριθή-

153 1090 244 1136 σεται
260 1068 296 1136 τδ
310 1076 445 1162 πρᾶγμα
463 1071 554 1157 νυνί,
576 1071 719 1153 πότερον
730 1073 848 1150 ἐξεῖναι
861 1076 913 1140 δεῖ
920 1072 961 1140 τὰ
970 1077 1107 1138 τοιαῦτα

152 1181 259 1235 ποιεῖν
271 1169 325 1235 καὶ
336 1173 381 1247 είς
392 1166 452 1235 τόν
462 1165 601 1254 τυχόνθ’
615 1165 713 1253 ὑμῶν
724 1166 829 1248 όδεσῖς
839 1166 1002 1256 ὑβρίζειν,
1019 1163 1105 1254 ἦμή.

126 1275 188 1338 8εί
203 1292 251 1345 τις
271 1258 337 1333 οὖν
359 1263 455 1351 ὑμεῖν
469 1265 673 1350 ἄραναίτὸν
686 1275 880 1354 ἔμπροσθεν
898 1268 1023 1355 χρόνον
1037 1274 1106 1334 τῶν

153 1369 247 1432 ίδίων
257 1362 347 1444 τινός
357 1364 455 1434 ἕνεκα
466 1372 642 1450 γίγνεσθαι
652 1365 712 1433 τόν
723 1363 837 1453 όμῶνα
850 1365 944 1435 τόνδ’
956 1363 1107 1449 ὑπελόμ-

152 1472 272 1551 βκνεν,
295 1466 498 1551 ἐνθυμηθεὶς
515 1473 582 1533 νῦν
602 1463 654 1533 ότι
665 1469 806 1555 δημοσίᾳ
818 1468 979 1553 συμφέρει
990 1465 1107 1551 μηδενὶ

153 1562 257 1650 μηδὲν
268 1564 386 1642 ἐξεῖναι
394 1571 524 1630 τοιοῦτο
535 1577 659 1649 ποιεῖν,
672 1560 716 1643 ὡς
725 1560 809 1647 ὑπὲρ
820 1572 938 1632 κοινοῦ
947 1570 1009 1632 τοῦ
1019 1562 1106 1650 πρό-

92 1702 94 1711 *
153 1688 277 1749 χματος
287 1659 383 1739 ὄντος
393 1662 447 1729 καί
458 1665 630 1748 προσέχων
641 1658 831 1744 ἀκουσάτω,
854 1659 966 1730 καὶτὰ
983 1661 1106 1749 φαινό-

154 1787 238 1846 μενα
250 1756 340 1848 αὑτῷ
352 1757 532 1828 δικαιότατ’
552 1757 637 1850 εἶναι
653 1769 758 1828 ταῦτα
775 1759 992 1847 ψηφισάσθω.
1020 1758 1106 1827 ἄνκ-

154 1857 362 1944 γνόσεταιδὲ
373 1859 577 1945 πρῶτονμὲν
588 1856 738 1946 όμῐντὸν
748 1859 866 1945 νόμον,
878 1855 960 1927 καθ’
973 1855 1014 1927 δν
1023 1859 1106 1927 είσὶν

155 1960 190 2024 αι’
206 1962 382 2044 προβολαί·
402 1953 483 2043 μετὰ
502 1955 539 2025 δὲ
557 1966 660 2025 ταῦτα
676 1960 731 2025 καὶ
746 1959 820 2039 περί
831 1964 899 2025 τῶν
910 1954 1023 2025 ἄλλων
1034 1979 1106 2024 πει-

155 2053 483 2140 ρόσομαιδιδόσκειν.
507 2053 786 2143 Λέχετδννόμον.
1115 2062 1170 2118 517

545 2192 711 2254 ΝΟΜΟΣ.

273 2291 363 2380 [Τονς
379 2295 537 2383 πρυτάνεις
554 2305 651 2363 ποιεῖν
670 2298 829 2400 ἐκκλησίαν
848 2299 880 2361 ἐν
899 2295 1105 2366 Διονόσου
1068 2327 1103 2386 τη

187 2378 326 2466 νστεραία
342 2388 402 2444 τῶν
419 2385 571 2446 Πανδίων.
596 2383 629 2445 ἒν
646 2383 679 2446 δὲ
692 2379 783 2482 τοιότχ
794 2388 977 2488 χρηματίζειν
986 2408 1105 2487 πρωτον

189 2467 243 2546 μὲν
254 2469 320 2548 περὶ
332 2468 434 2546 ἱερῶν,
453 2462 595 2528 ἔπειτα
565 2491 616 2539 τας
626 2459 774 2567 προβολας
790 2464 1083 2573 παραδιδότωσαν
1051 2493 1104 2543 τας

189 2547 413 2648 χεχενημὲνας”
396 2571 481 2611 ενεκα
476 2554 559 2651 Ἅιτῆς
563 2553 681 2628 πομπῆς
698 2543 786 2628 ἢτων
794 2543 922 2653 όχιόνων
933 2560 992 2633 τῶν
1003 2553 1035 2616 ἕν
1045 2575 1104 2626 τοις

192 2626 409 2710 Διονυσίοις,’
391 2648 459 2696 οσαι
470 2625 510 2694 όιν
522 2657 563 2713 μη
552 2625 720 2712 ’έὲκτετισμ
719 2657 769 2695 ναι
782 2623 876 2717 ωσιν.]

129 2763 146 2818 9
233 2736 269 2806 ‘0
291 2736 415 2824 μέν’
373 2765 476 2825 νομος
497 2733 595 2820 οὗτός
616 2737 774 2830 ἐστιν,’
746 2771 771 2812 ω
791 2744 909 2832 ἄνδρες
924 2743 1104 2832 Ἀθηναῖοι,

155 2832 235 2903 καθ’
249 2831 320 2902 όνα
322 2839 704 2929 ίπροβοίαὶχίμνονται,
725 2845 849 2928 λέγων,
871 2842 982 2930 ωσπερ
998 2842 1105 2931 ἠκού-

156 2956 248 3022 σατε,
261 2949 369 3003 ποιεῖν
378 2961 441 3022 την
452 2940 654 3024 ἐκκλησιαν
637 2967 673 3008 εν
684 2943 857 3009 Διονυσου
867 2967 948 3027 μετα
958 2969 999 3010 τα
988 2942 1105 3012 Παν

156 3039 225 3122 δια,
248 3039 286 3104 έν
304 3035 339 3104 δὲ
358 3034 462 3123 ταότη
480 3036 615 3106 ἐπειδὰν
633 3046 876 3126 χρηματίσωσιν
897 3045 931 3108 οἱ
947 3041 1106 3126 πρόεδροι

154 3127 268 3218 περὶ
239 3160 288 3202 ων
299 3131 517 3225 διφίιηιιενΗ
473 3161 491 3204 ο
502 3136 625 3224 άρχων,
636 3144 842 3259 χρηματίζειν
852 3142 906 3206 καί
917 3133 1032 3225 περὶ
1003 3168 1053 3208 ων
1062 3140 1105 3207 ἄν

154 3257 202 3309 τις
212 3226 409 3323 ηδικηκωςη
419 3233 540 3321 περὶ
504 3263 566 3322 την
577 3232 729 3323 ἕορτηνη
738 3262 1029 3326 παρανενομηκως,
1041 3265 1104 3306 κα-

154 3323 286 3413 110513,5
260 3358 285 3399 ω
304 3329 422 3420 ἄνδρες
437 3331 625 3423 Ἀθηναῖοι,
648 3339 703 3405 και
720 3338 957 3424 συμφερόντως
978 3333 1100 3424 ἕχων’
1083 3364 1102 3404 ο

154 3453 272 3514 νομοί,
292 3426 336 3508 ὡς
347 3428 383 3499 τό
395 3432 522 3519 πρᾶγμ’
534 3432 616 3502 αὐτό
629 3451 795 3523 μαρτυρεῖ.
828 3462 916 3507 οπου
925 3462 989 3525 γαρ
1001 3437 1103 3506 ἐπόν
