2370 3854
165 175 229 240 410
357 180 468 239 XXXV.
490 176 911 239 ΔΗΜΟΣΘΕΝΟΤΣ

209 340 295 449 δῶρα
313 342 416 411 ἕνδεκα
431 346 507 420 μνᾶς
517 335 661 444 ἀργυρίρυ
680 340 774 402 έπδ
738 364 782 449 τῇ
791 337 968 429 ίμπορία,“
946 368 987 424 ἡν
1000 332 1073 447 ἡγεν
1084 345 1117 409 ἐν

207 452 245 513 τῇ
231 424 373 508 ’ίΤβλησ
371 450 406 489 ου
416 424 466 505 νὴδ
476 419 556 500 είς
527 449 579 488 τον
589 421 716 527 Πόντον,
734 426 785 487 καὶ
795 432 856 501 τοῖς
866 406 1009 497 έκεῖθεν’
991 452 1116 533 ἀνταγο-

209 517 360 590 ρασθεῖσι,
379 501 485 571 καλ
446 534 487 612 μη
506 501 663 575 είδὲναι’
626 532 717 571 αντον
727 511 950 614 δεδανεισμενον
959 534 1042 615 παρα
1048 505 1116 576 Ἀν-

208 589 393 698 δρμκλέομς’
375 591 535 696 αργάριον·
557 585 592 657 ον’
603 586 662 675 γάρ
678 588 717 657 ἀν
728 588 913 657 δανεῖσαι’
876 588 964 671 αυτὸς
977 589 1116 659 Ἀπολλο-

208 677 294 766 δοίρφ
303 702 336 741 το
324 671 513 760 ἀργύριον]

120 857 155 910 24
247 846 294 911 Αί
302 842 366 928 μὲν
379 846 581 924 πανουργίαι
590 847 739 907 τοιαῦται
750 847 818 908 τῶν
831 839 1025 926 ἀνθρώπων
1034 841 1115 910 τού-

163 968 232 1008 των
242 947 334 1008 είσίν
365 944 546 1025 γέγραπται
565 937 601 1007 δέ
611 963 692 1023 μετα
709 944 813 1007 ταῦτα
824 942 860 1007 έν
871 948 912 1027 τῇ
923 948 1113 1031 συγγραφῇ,

164 1067 189 1106 ω
171 1029 325 1124 ἀνδρες
342 1040 508 1124 δικασταὶ,
534 1037 668 1105 ἐπειδάν
683 1034 875 1105 ἀποδῶνται
885 1040 922 1107 έν
933 1064 979 1129 τφ
965 1038 1113 1130 Πόντφ

164 1131 1172 1225 ἀἡγον,πάλινάνταγοράζεινχρὴματακαλἀντιφορτίζειννς]

162 1234 247 1304 καὶ’
229 1235 371 1321 απάγειν
389 1233 548 1322 Ἀθὴναζε
566 1263 606 1303 τα
595 1233 935 1323 ἀντιφορτισθέντα,
958 1238 1013 1304 καλ
1024 1240 1115 1305 έπει-

162 1335 225 1402 δάν
239 1330 426 1419 ἀφίκωνται
439 1333 614 1421 Ἀθήναζε,
638 1335 826 1403 ἀποδοῦναι
844 1346 970 1407 είκοσιν
980 1334 1115 1424 ἡμερῶν

161 1431 198 1502 ιδ
210 1430 375 1518 ἀργύριον
385 1429 465 1519 ἡμίν
475 1433 631 1519 δόκιμον·
657 1434 718 1511 ἕως
733 1430 763 1500 δ’
778 1429 822 1500 ἀν
838 1432 1001 1522 ἀποδῶσι,
1029 1462 1115 1522 κρα-

161 1545 229 1598 τεῖν
239 1538 308 1598 τῶν
323 1531 500 1618 χρημάτων
511 1528 607 1618 ἡμᾶς,
615 1533 671 1599 καλ
681 1529 836 1618 ἀνέπαφα
847 1541 950 1600 ταῦτα
959 1537 1117 1621 παρέχειν

118 1630 317 1716 λοτούτους,
344 1631 406 1709 ἕως
428 1625 473 1696 ἀν
492 1627 722 1718 ἀπολάβωμεν.
760 1634 939 1721 γέγραπται
964 1633 1026 1719 μέν
1047 1631 1113 1718 γδρ

160 1737 264 1796 ταῦτα
282 1727 405 1799 οὑτωσὶ
422 1727 567 1818 ἀκριβῶς
583 1733 620 1797 έν
635 1738 675 1825 τῇ
693 1738 886 1818 συγγραφῇ·
909 1724 1004 1800 οὗτοι
1015 1728 1060 1818 δ’,
1085 1724 1114 1800 ῶ

160 1826 279 1910 ἀνδρες
290 1830 449 1913 δικασταὶ,
462 1832 611 1896 ἐνταῦθα
620 1831 672 1896 καί
683 1832 889 1917 ἐπεδείξαντο
898 1831 1040 1916 μάλιστα
1049 1830 1114 1918 τὴν

159 1922 261 2012 ὕβριν
275 1927 330 1993 καὶ
344 1923 406 2012 τὴν
421 1924 594 1994 ἀναίδειαν
605 1923 668 2015 τὴν
680 1927 819 2013 ἑαυτῶν,
837 1928 893 1995 καί
903 1925 954 1997 ὅτι
965 1926 1044 1997 οὐδὲ
1055 1955 1112 2015 μι-

159 2019 243 2109 κρδν
253 2040 428 2111 προσεῖχον
442 2039 510 2107 τοῖς
520 2024 690 2113 γράμμασι
698 2039 765 2104 τοῖς
773 2028 1011 2112 γεγραμμένοις
1022 2029 1059 2096 έν
1069 2034 1111 2117 τῇ

160 2131 355 2219 συγγραφῇ,
380 2121 448 2193 ἀλλ’
462 2122 607 2213 ἡγοῦντο
627 2123 710 2193 εἶναι
720 2121 782 2210 τὴν
793 2124 992 2212 συγγραφὴν
1002 2125 1112 2205 ἀλλως

159 2221 270 2290 ὕθλον
280 2225 334 2291 καὶ
346 2231 524 2312 φλυαρίαν.
551 2222 628 2293 οὔτε
638 2223 702 2311 γάρ
714 2219 948 2309 ἀντηγόρασαν
963 2220 1062 2292 οὐδέν
1073 2227 1111 2293 έν

157 2330 206 2412 τῶ
215 2323 335 2412 Πόντφ
348 2322 427 2391 οὔτε
438 2322 723 2444 ἀντεφορτίραντο
731 2320 815 2389 ῶστε
828 2321 921 2408 ἀγειν
931 2319 1110 2408 Ἀθήναζε·

156 2418 249 2506 ἡμεῖς
266 2447 302 2488 τε
321 2427 356 2489 oc
372 2420 636 2502 δανείσαντες
599 2450 639 2490 τα
659 2422 808 2508 χρήματα
827 2417 980 2507 ἡκόντων
997 2416 1111 2488 αὐτῶν

156 2518 287 2586 τούτων
298 2521 333 2587 έκ
344 2547 406 2589 του
393 2521 548 2590 Πόντου
559 2519 622 2589 οὐκ
635 2530 765 2607 είχομεν
777 2517 859 2587 ὅτου
870 2520 1111 2605 ἐπιλαβοίμεθα

158 2606 270 2684 οὐδ”
249 2643 331 2686 οτου
345 2621 565 2740 κρατοῖμεν,”
545 2646 606 2699 εως
619 2623 869 2733 κομισαίμεθα
854 2639 896 2683 τα
883 2610 1031 2700 ἡμέτερ’
1044 2613 1112 2737 αῇ-

156 2724 239 2782 τῶν·
270 2713 381 2783 οτίδΗ
366 2727 481 2786 οτιοῦν
497 2715 561 2803 γάρ
578 2742 593 2785 ε
595 2717 804 2803 ίσὴγαγονί
774 2740 789 2780 ε
803 2740 820 2792 ς
834 2738 896 2780 τον
913 2710 1081 2798 λιμένα
1047 2739 1110 2783 τον

113 2805 372 2899 ςςὺμέτερον’
328 2838 430 2882 ουτοι.
454 2811 539 2883 ἀλλὰ
550 2814 768 2901 πεπόνθαμεν
783 2811 988 2898 καινότατον,
1006 2804 1035 2881 6
1044 2810 1109 2882 ἀν-

157 2915 232 2994 δρες
244 2914 411 2980 δικασταί
437 2916 474 2980 έν
493 2910 558 2999 γάρ
576 2920 618 3003 τῇ
639 2912 736 2983 πόλει
755 2939 795 3002 τῇ
782 2908 957 3035 ἡμετέρμ
981 2911 1106 3000 αὐτῶν,

155 3007 257 3078 οὐδέν
281 3007 476 3093 ἀδικοῦντες
498 3009 578 3081 οάδέ
605 3017 702 3100 δίκην
727 3008 887 3098 οὐδεμίαν
916 3007 1106 3133 ῶφληκότες

154 3109 301 3197 τούτοις,
325 3098 539 3198 σεσυλήμεθα
554 3110 595 3179 τά
614 3108 738 3200 ἡμέτερ’
759 3109 871 3179 αάτῶν
887 3107 953 3178 ὑπὸ
975 3110 1107 3183 τούτων

156 3207 384 3294 Φασηλιτῶν”
363 3235 488 3296 οντων,
508 3208 620 3295 ῶσπερ
632 3210 821 3295 δεδομένων
831 3215 946 3276 συλῶν
958 3214 1106 3294 Φασηλί-

153 3329 227 3386 ταις
238 3334 299 3375 κατ
303 3305 472 3396 ’Ἀθηναί
471 3336 526 3377 ων.
561 3305 750 3377 έπειδιλν
710 3334 775 3393 γαρ
792 3335 837 3395 μη
825 3301 1042 3376 ἐθέλωσιν
1020 3328 1106 3372 απο-

155 3404 275 3473 δοῦναι
298 3405 321 3473 δι’
342 3411 479 3493 ἔλαβον,
503 3413 538 3475 τί
556 3405 600 3474 ἀν
621 3432 670 3485 τις
690 3404 771 3475 ἄλλο
794 3403 887 3492 ὄνομ’
897 3407 968 3488 ίχοι
979 3403 1108 3473 θέσθαι
