2370 3854
299 191 439 251 ΠΡΟΣ
457 191 567 250 ΑΠΑ
578 192 640 252 ΤΟ
650 192 816 255 ΤΡΙΟΝ.
968 192 1029 255 387

79 351 227 434 τοῦριος,
250 348 294 428 ὡς
312 355 483 434 συνθῆκαί
490 375 576 427 τινες
588 346 679 439 αὐτῷ
689 356 780 419 εἰσίν.
814 350 896 420 ὅταν
907 352 942 420 δὲ
953 355 1031 443 λέγη

80 447 284 534 ψευδόμενος
293 445 337 527 ώς
346 449 382 515 ἐν
391 462 460 526 ταῖς
468 445 841 536 πράςτὸνΠαρμένοντα
850 451 1034 537 συνθήκαις
1042 470 1093 525 904

79 546 269 631 ἐνεγράφην
284 545 460 631 ἐγγυητής,
484 543 649 615 ἀπαιτεῖτε
667 545 837 628 αῦτόντάς
850 551 1031 636 συνθήκας.

36 647 136 721 asaal
156 642 295 712 ἐνταῦθ’
321 642 411 733 αὐτῷ
433 643 616 729 ἀπαντᾶτε,
637 645 689 714 ὅτι
709 646 829 727 πάντες
845 646 1031 736 ἀνθρωποι,

80 741 162 810 ὅταν
172 739 593 829 πρὸςάλλήλουςποιώνται
603 744 813 830 συγγραφάς,
827 745 949 814 τοῦτον
958 747 1031 813 ἕνε-

80 868 123 908 κα
136 842 360 928 σημηνάμενοι
371 850 518 910 τῦθενται
529 841 607 930 παρ’
621 840 670 923 οἷς
680 839 724 912 ἀν
735 843 965 930 πιστεύσωσιν,
977 844 1030 928 ἵν’,

82 940 140 1007 ἐάν
161 967 192 1007 τι
212 939 442 1027 ἀντιλέγωσιν,
472 933 494 1029 ᾖ
516 940 629 1021 αὐτοῖς
650 944 895 1010 ἐπανελθοῦσιν
918 943 971 1014 ἐπὶ
991 939 1031 1007 τά

81 1038 255 1124 γράμματα
272 1043 432 1108 ἐντεῦθεν
446 1039 507 1108 τάν
522 1046 656 1127 ἔλεγχον
673 1042 877 1129 ποιήσασθαι
887 1042 962 1126 περὶ
971 1048 1033 1107 τοῦ

80 1135 402 1225 ἀμφισβητουμένου.
421 1137 540 1206 ὅτανδ
552 1138 718 1223 ἀφανίσας
727 1165 776 1217 τις
784 1138 936 1226 τάκριβές
945 1137 1031 1227 λόγῳ

37 1240 245 1317 37ἐξαπατάν
254 1245 420 1323 πειρᾶται,
443 1244 514 1314 πώς
525 1232 569 1304 ἀν
581 1241 714 1317 δικαίως
724 1238 927 1317 πιστεῦοιτο;
946 1234 1032 1305 ἀλλά

80 1333 121 1420 νή
132 1341 199 1402 Δία
216 1332 264 1417 (τὸ
279 1337 402 1421 ῥᾷστον
413 1348 480 1412 τοῖς
491 1332 617 1401 ἀδικεῖν
627 1338 682 1402 καὶ
693 1349 914 1421 συκοφαντεῖν
928 1359 1033 1421 προη-

81 1433 248 1515 ρημένοις)
265 1431 469 1517 μαρτυρήσει
485 1458 533 1511 τις
548 1429 647 1520 ἀὐτῷ
667 1431 741 1501 κατ’
764 1435 853 1518 ἐμοῦ.
886 1429 946 1499 ἐάν
969 1425 1032 1499 οὖν

81 1528 311 1615 ἐπισκήψωμαι
332 1527 439 1619 αὐτῷ,
463 1531 573 1598 πόθεν
593 1529 656 1617 τήν
676 1529 845 1611 ἀπόδειξιν
862 1528 1032 1615 ποιήσεται

80 1634 141 1694 τοῦ
158 1625 270 1745 ἀληθῆ
286 1642 480 1714 μαριυρεῑν;
501 1632 536 1695 ἐκ
553 1637 622 1697 τῶν
639 1637 838 1717 συνθηκών;
858 1654 955 1697 τουτο
964 1635 1034 1697 τοι-

81 1751 146 1792 νυν
167 1721 211 1811 μή
233 1722 500 1811 ἀναβαλλέσθω,
509 1724 584 1794 ἀλλ’
607 1727 672 1814 ήδη
694 1731 820 1812 φερέτω
837 1755 855 1795 ο
844 1724 959 1813 ’ἔχων
976 1722 1034 1802 τάς
1120 1786 1128 1797 .

82 1825 263 1944 συνθήκας.
296 1822 373 1892 εἶδ’
393 1823 598 1894 ἀπολωλέναι
615 1829 712 1913 φησὶ,
735 1825 845 1908 πόθεν
861 1825 952 1912 λάβω
970 1820 1033 1910 ἐγώ

82 1923 143 1993 τὸν
158 1930 292 2011 ἔλεγχον
308 1929 736 2013 καταφευδομαρτυρηθείςς
760 1931 790 1992 εἰ
805 1921 915 2011 μὲν
877 1948 941 2009 γαρ
953 1921 1032 2005 παρ’

83 2028 154 2110 ἐμοι
166 2024 306 2112 ἐτέθη
273 2052 310 2092 το
321 2041 553 2149 γραμματεῖον,
565 2029 644 2111 ἐνῆν
655 2025 868 2091 αἰτιάσασθαι
875 2021 1034 2088 Ἀπατου-

38 2130 144 2213 38ρίφ
162 2121 207 2202 ώς
218 2121 281 2208 ἐγώ
295 2121 395 2190 διά
359 2150 422 2207 την
432 2126 556 2209 εγγνηυ
565 2148 713 2208 ηφανικα
723 2148 781 2198 τας
792 2119 983 2204 συνθήκας·
1006 2123 1036 2184 εἰ

84 2221 119 2287 δὲ
130 2220 262 2306 παρὰ
230 2246 275 2286 τω
262 2218 499 2303 ”Ἀριστοκλεῑ,
517 2216 578 2286 διά
582 2227 677 2303 τί,εἰ
649 2229 739 2303 εἴπερ
751 2217 834 2285 ἀνευ
844 2244 901 2302 της
911 2215 1033 2284 τοῦτον

83 2317 216 2406 γνώμης
227 2315 436 2386 ἀπολώλασιν
448 2322 485 2384 ac
492 2325 676 2402 συνθῆκαι,
695 2325 742 2406 τῷ
751 2317 813 2402 μὲν
822 2314 959 2402 λαβοντι
970 2311 1032 2380 αῦ-

83 2417 141 2494 τάς
160 2419 214 2484 καὶ
235 2412 276 2482 οῦ
298 2417 471 2501 παρέχοντι
492 2414 534 2484 οῦ
555 2415 732 2500 δικάζεται,
755 2417 826 2502 ἐμοὶ
843 2411 874 2482 δ
893 2416 1032 2500 ἐγκαλεῖ,

84 2514 236 2603 μάρτυρα
253 2514 475 2602 παρεχόμενος
491 2514 562 2583 κατ’
568 2519 670 2637 ἐμοῦ
691 2518 751 2584 τὸν
770 2513 955 2603 ήφανικότα
977 2511 1034 2591 τὰς

85 2615 309 2704 συνθήκας,
297 2640 323 2680 ω
346 2624 514 2702 προσῆκεν
534 2614 637 2685 αὐτὸν
653 2613 859 2700 ὀργίζεσθαι,
880 2624 972 2699 εἴπερ
988 2613 1032 2699 μή

85 2721 181 2802 κοινή
192 2712 272 2799 μετὰ
284 2714 405 2784 τοῦτον
416 2717 634 2802 έκακοτέχνεις

169 2819 397 2900 Ελρηταίμοι
381 2841 421 2882 τα
409 2811 594 2901 δικαια,
581 2812 644 2882 ἀσα
661 2813 838 2901 ἐδυνάμην.
869 2801 1033 2898 ῦμεϊςοῦν
1096 2886 1099 2890 ⁸

85 2903 168 2980 κατά
178 2906 257 2988 τοῦς
267 2909 391 3005 νόμους
400 2915 600 2999 γιγνώσκετε
611 2940 650 2981 τα
640 2911 783 2982 δίκαια.
