<?xml version="1.0" encoding="UTF-8"?>
<!DOCTYPE html PUBLIC "-//W3C//DTD XHTML 1.0 Transitional//EN"
    "http://www.w3.org/TR/xhtml1/DTD/xhtml1-transitional.dtd">
<html xmlns="http://www.w3.org/1999/xhtml" xml:lang="en" lang="en">
 <head>
  <title>
</title>
<meta http-equiv="Content-Type" content="text/html;charset=utf-8" />
  <meta name='ocr-system' content='tesseract 3.04.00' />
  <meta name='ocr-capabilities' content='ocr_page ocr_carea ocr_par ocr_line ocrx_word'/>
</head>
<body>
  <div class='ocr_page' id='page_1' title='image "./orationesexrece01demogoog_0231.png"; bbox 0 0 2370 3854; ppageno 0'>
   <div class='ocr_carea' id='block_1_1' title="bbox 165 184 914 256">
    <p class='ocr_par' dir='ltr' id='par_1_1' title="bbox 165 184 914 256">
     <span class='ocr_line' id='line_1_1' title="bbox 165 184 914 256; baseline -0.015 0"><span class='ocrx_word' id='word_1_1' title='bbox 165 192 229 256; x_wconf 76' lang='lat'><em>222</em></span> <span class='ocrx_word' id='word_1_2' title='bbox 380 192 477 249; x_wconf 82' lang='lat' dir='ltr'><strong>xxw.</strong></span> <span class='ocrx_word' id='word_1_3' title='bbox 499 184 837 248; x_wconf 81' lang='grc' dir='ltr'><em>ΑΗΜΟΣΘΕΝΟ</em></span> <span class='ocrx_word' id='word_1_4' title='bbox 848 186 914 246; x_wconf 66' lang='grc' dir='ltr'><em>ΥΣ</em></span> 
     </span>
    </p>
   </div>
   <div class='ocr_carea' id='block_1_2' title="bbox 122 339 1117 1033">
    <p class='ocr_par' dir='ltr' id='par_1_2' title="bbox 122 339 1117 1033">
     <span class='ocr_line' id='line_1_2' title="bbox 165 339 1117 442; baseline -0.009 -20"><span class='ocrx_word' id='word_1_5' title='bbox 165 351 399 442; x_wconf 85' lang='grc' dir='ltr'><em>μένωννόμων</em></span> <span class='ocrx_word' id='word_1_6' title='bbox 408 358 449 437; x_wconf 79' lang='grc' dir='ltr'><em>τῇ</em></span> <span class='ocrx_word' id='word_1_7' title='bbox 460 348 554 418; x_wconf 90' lang='grc' dir='ltr'><em>πόλει</em></span> <span class='ocrx_word' id='word_1_8' title='bbox 565 339 808 432; x_wconf 83' lang='grc' dir='ltr'><em>ούδενὸςῆττον</em></span> <span class='ocrx_word' id='word_1_9' title='bbox 818 342 963 434; x_wconf 78' lang='grc' dir='ltr'><em>ἡγοῦμαι</em></span> <span class='ocrx_word' id='word_1_10' title='bbox 972 347 1117 414; x_wconf 80' lang='grc' dir='ltr'><em>καὶτοῦ-</em></span> 
     </span>
     <span class='ocr_line' id='line_1_3' title="bbox 165 442 1116 533; baseline -0.008 -12"><span class='ocrx_word' id='word_1_11' title='bbox 165 480 224 521; x_wconf 95' lang='grc' dir='ltr'><em>τον</em></span> <span class='ocrx_word' id='word_1_12' title='bbox 236 451 332 533; x_wconf 84' lang='grc' dir='ltr'><em>ἀξίως</em></span> <span class='ocrx_word' id='word_1_13' title='bbox 345 455 483 518; x_wconf 76' lang='grc' dir='ltr'><strong><em>ἐπαίνου</em></strong></span> <span class='ocrx_word' id='word_1_14' title='bbox 499 447 700 533; x_wconf 88' lang='grc' dir='ltr'><em>γεγράφθαι.</em></span> <span class='ocrx_word' id='word_1_15' title='bbox 737 452 908 527; x_wconf 79' lang='grc' dir='ltr'><em>σκέψασθε</em></span> <span class='ocrx_word' id='word_1_16' title='bbox 926 442 990 533; x_wconf 88' lang='grc' dir='ltr'><em>γάρ</em></span> <span class='ocrx_word' id='word_1_17' title='bbox 1009 443 1054 525; x_wconf 81' lang='grc' dir='ltr'><em>ἀς</em></span> <span class='ocrx_word' id='word_1_18' title='bbox 1065 451 1116 515; x_wconf 91' lang='grc' dir='ltr'><em>δι-</em></span> 
     </span>
     <span class='ocr_line' id='line_1_4' title="bbox 166 542 1117 635; baseline -0.007 -15"><span class='ocrx_word' id='word_1_19' title='bbox 166 559 266 629; x_wconf 88' lang='grc' dir='ltr'><em>καίως</em></span> <span class='ocrx_word' id='word_1_20' title='bbox 278 552 333 618; x_wconf 82' lang='grc' dir='ltr'><em>καὶ</em></span> <span class='ocrx_word' id='word_1_21' title='bbox 344 549 477 635; x_wconf 89' lang='grc' dir='ltr'><em>σφόδρα</em></span> <span class='ocrx_word' id='word_1_22' title='bbox 488 544 646 628; x_wconf 76' lang='grc' dir='ltr'><em>ύπὲρτού</em></span> <span class='ocrx_word' id='word_1_23' title='bbox 664 543 773 631; x_wconf 81' lang='grc' dir='ltr'><em>δήμου</em></span> <span class='ocrx_word' id='word_1_24' title='bbox 782 559 893 613; x_wconf 82' lang='grc' dir='ltr'><em>κεῖται.</em></span> <span class='ocrx_word' id='word_1_25' title='bbox 926 542 989 612; x_wconf 89' lang='grc' dir='ltr'><em>ούκ</em></span> <span class='ocrx_word' id='word_1_26' title='bbox 1000 547 1039 635; x_wconf 76' lang='grc' dir='ltr'><em>ἐᾷ</em></span> <span class='ocrx_word' id='word_1_27' title='bbox 1048 561 1117 626; x_wconf 83' lang='grc' dir='ltr'><em>τοῖς</em></span> 
     </span>
     <span class='ocr_line' id='line_1_5' title="bbox 165 641 1117 736; baseline -0.007 -18"><span class='ocrx_word' id='word_1_28' title='bbox 165 650 353 736; x_wconf 80' lang='grc' dir='ltr'><em>ὑπάρχουσι</em></span> <span class='ocrx_word' id='word_1_29' title='bbox 373 648 487 734; x_wconf 89' lang='grc' dir='ltr'><em>νόμοις</em></span> <span class='ocrx_word' id='word_1_30' title='bbox 504 648 656 713; x_wconf 77' lang='grc' dir='ltr'><em>ἐναντίον</em></span> <span class='ocrx_word' id='word_1_31' title='bbox 677 647 858 730; x_wconf 78' lang='grc' dir='ltr'><em>εἰσφέρειν,</em></span> <span class='ocrx_word' id='word_1_32' title='bbox 886 641 945 711; x_wconf 83' lang='grc' dir='ltr'><em>έάν</em></span> <span class='ocrx_word' id='word_1_33' title='bbox 964 642 1008 731; x_wconf 81' lang='grc' dir='ltr'><em>μὴ</em></span> <span class='ocrx_word' id='word_1_34' title='bbox 1030 644 1117 734; x_wconf 87' lang='grc' dir='ltr'><em>λύση</em></span> 
     </span>
     <span class='ocr_line' id='line_1_6' title="bbox 165 742 1115 834; baseline -0.006 -17"><span class='ocrx_word' id='word_1_35' title='bbox 165 748 225 819; x_wconf 86' lang='grc' dir='ltr'><em>τόν</em></span> <span class='ocrx_word' id='word_1_36' title='bbox 237 748 399 834; x_wconf 88' lang='grc' dir='ltr'><em>πρότερον</em></span> <span class='ocrx_word' id='word_1_37' title='bbox 419 751 580 831; x_wconf 88' lang='grc' dir='ltr'><em>κείμενον.</em></span> <span class='ocrx_word' id='word_1_38' title='bbox 613 751 702 823; x_wconf 86' lang='grc' dir='ltr'><em>τίνος</em></span> <span class='ocrx_word' id='word_1_39' title='bbox 719 746 832 825; x_wconf 78' lang='grc' dir='ltr'><em>ἕνεκας</em></span> <span class='ocrx_word' id='word_1_40' title='bbox 855 753 988 832; x_wconf 75' lang='grc' dir='ltr'><em>πρῶτον</em></span> <span class='ocrx_word' id='word_1_41' title='bbox 1004 742 1115 831; x_wconf 72' lang='grc' dir='ltr'><em>μὲνῗύ</em></span> 
     </span>
     <span class='ocr_line' id='line_1_7' title="bbox 122 839 1116 934; baseline -0.004 -19"><span class='ocrx_word' id='word_1_42' title='bbox 122 856 158 909; x_wconf 82' lang='grc'><em>35</em></span> <span class='ocrx_word' id='word_1_43' title='bbox 166 847 246 934; x_wconf 82' lang='grc' dir='ltr'><em>ύμῖν</em></span> <span class='ocrx_word' id='word_1_44' title='bbox 257 851 313 932; x_wconf 80' lang='grc' dir='ltr'><em>ἐξῇ</em></span> <span class='ocrx_word' id='word_1_45' title='bbox 323 843 363 913; x_wconf 88' lang='grc' dir='ltr'><em>τά</em></span> <span class='ocrx_word' id='word_1_46' title='bbox 377 850 487 912; x_wconf 90' lang='grc' dir='ltr'><em>δίκαια</em></span> <span class='ocrx_word' id='word_1_47' title='bbox 499 848 701 929; x_wconf 77' lang='grc' dir='ltr'><em>ψηφίζεσθαι</em></span> <span class='ocrx_word' id='word_1_48' title='bbox 713 841 786 929; x_wconf 89' lang='grc' dir='ltr'><em>μετ’</em></span> <span class='ocrx_word' id='word_1_49' title='bbox 799 839 977 930; x_wconf 82' lang='grc' dir='ltr'><em>εὐσεβείας.</em></span> <span class='ocrx_word' id='word_1_50' title='bbox 1011 850 1042 912; x_wconf 92' lang='grc' dir='ltr'><em>εί</em></span> <span class='ocrx_word' id='word_1_51' title='bbox 1051 842 1116 928; x_wconf 81' lang='grc' dir='ltr'><em>γάρ</em></span> 
     </span>
     <span class='ocr_line' id='line_1_8' title="bbox 166 939 1116 1033; baseline -0.007 -18"><span class='ocrx_word' id='word_1_52' title='bbox 166 957 282 1033; x_wconf 82' lang='grc' dir='ltr'><em>εἴησαν</em></span> <span class='ocrx_word' id='word_1_53' title='bbox 301 943 362 1013; x_wconf 92' lang='grc' dir='ltr'><em>δύο</em></span> <span class='ocrx_word' id='word_1_54' title='bbox 383 943 468 1021; x_wconf 74' lang='grc' dir='ltr'><em>τινές</em></span> <span class='ocrx_word' id='word_1_55' title='bbox 485 946 629 1009; x_wconf 77' lang='grc' dir='ltr'><em>ἐναντίοι</em></span> <span class='ocrx_word' id='word_1_56' title='bbox 647 940 760 1027; x_wconf 90' lang='grc' dir='ltr'><em>νόμοι,</em></span> <span class='ocrx_word' id='word_1_57' title='bbox 782 947 840 1009; x_wconf 91' lang='grc' dir='ltr'><em>καί</em></span> <span class='ocrx_word' id='word_1_58' title='bbox 851 967 938 1020; x_wconf 90' lang='grc' dir='ltr'><em>τινες</em></span> <span class='ocrx_word' id='word_1_59' title='bbox 954 939 1116 1010; x_wconf 91' lang='grc' dir='ltr'><em>ἀντίδικοι</em></span> 
     </span>
    </p>
   </div>
   <div class='ocr_carea' id='block_1_3' title="bbox 117 1034 1179 3503">
    <p class='ocr_par' dir='ltr' id='par_1_3' title="bbox 117 1034 1179 3503">
     <span class='ocr_line' id='line_1_9' title="bbox 168 1034 1117 1131; baseline -0.006 -18"><span class='ocrx_word' id='word_1_60' title='bbox 168 1043 241 1131; x_wconf 89' lang='grc' dir='ltr'><em>παρ’</em></span> <span class='ocrx_word' id='word_1_61' title='bbox 255 1042 338 1128; x_wconf 80' lang='grc' dir='ltr'><em>ύμῖν</em></span> <span class='ocrx_word' id='word_1_62' title='bbox 348 1039 561 1127; x_wconf 65' lang='grc' dir='ltr'><em>άγωνιζοιντο</em></span> <span class='ocrx_word' id='word_1_63' title='bbox 580 1036 603 1125; x_wconf 75' lang='grc' dir='ltr'><em>η’</em></span> <span class='ocrx_word' id='word_1_64' title='bbox 619 1041 694 1125; x_wconf 87' lang='grc' dir='ltr'><em>περὶ</em></span> <span class='ocrx_word' id='word_1_65' title='bbox 711 1044 878 1126; x_wconf 92' lang='grc' dir='ltr'><em>δημοσίων</em></span> <span class='ocrx_word' id='word_1_66' title='bbox 894 1034 1005 1126; x_wconf 75' lang='grc' dir='ltr'><em>ἧπερλ</em></span> <span class='ocrx_word' id='word_1_67' title='bbox 1022 1043 1117 1108; x_wconf 89' lang='grc' dir='ltr'><em>ίδίων</em></span> 
     </span>
     <span class='ocr_line' id='line_1_10' title="bbox 167 1135 1115 1229; baseline -0.005 -18"><span class='ocrx_word' id='word_1_68' title='bbox 167 1143 379 1229; x_wconf 91' lang='grc' dir='ltr'><em>πραγμάτων,</em></span> <span class='ocrx_word' id='word_1_69' title='bbox 391 1136 517 1220; x_wconf 83' lang='grc' dir='ltr'><em>ἀξιοίδ’</em></span> <span class='ocrx_word' id='word_1_70' title='bbox 532 1138 685 1223; x_wconf 84' lang='grc' dir='ltr'><em>ἑκάτερος</em></span> <span class='ocrx_word' id='word_1_71' title='bbox 695 1146 794 1207; x_wconf 83' lang='grc' dir='ltr'><em>νικάν</em></span> <span class='ocrx_word' id='word_1_72' title='bbox 805 1136 849 1225; x_wconf 78' lang='grc' dir='ltr'><em>μη</em></span> <span class='ocrx_word' id='word_1_73' title='bbox 861 1137 922 1207; x_wconf 86' lang='grc' dir='ltr'><em>τόν</em></span> <span class='ocrx_word' id='word_1_74' title='bbox 932 1135 1037 1206; x_wconf 83' lang='grc' dir='ltr'><em>αύτδν</em></span> <span class='ocrx_word' id='word_1_75' title='bbox 1048 1142 1115 1206; x_wconf 87' lang='grc' dir='ltr'><em>δει-</em></span> 
     </span>
     <span class='ocr_line' id='line_1_11' title="bbox 166 1235 1115 1325; baseline -0.004 -15"><span class='ocrx_word' id='word_1_76' title='bbox 166 1241 281 1310; x_wconf 89' lang='grc' dir='ltr'><em>κνύων</em></span> <span class='ocrx_word' id='word_1_77' title='bbox 293 1240 409 1325; x_wconf 91' lang='grc' dir='ltr'><em>νόμον,</em></span> <span class='ocrx_word' id='word_1_78' title='bbox 418 1235 491 1307; x_wconf 77' lang='grc' dir='ltr'><em>οὔτ’</em></span> <span class='ocrx_word' id='word_1_79' title='bbox 501 1235 700 1323; x_wconf 79' lang='grc' dir='ltr'><em>ἀμφοτέροις</em></span> <span class='ocrx_word' id='word_1_80' title='bbox 711 1243 760 1307; x_wconf 83' lang='grc' dir='ltr'><em>ἔνι</em></span> <span class='ocrx_word' id='word_1_81' title='bbox 769 1237 878 1325; x_wconf 83' lang='grc' dir='ltr'><em>δήπου</em></span> <span class='ocrx_word' id='word_1_82' title='bbox 888 1245 1115 1324; x_wconf 80' lang='grc' dir='ltr'><em>ψηφίσασθαι·</em></span> 
     </span>
     <span class='ocr_line' id='line_1_12' title="bbox 166 1335 1117 1427; baseline 0 -19"><span class='ocrx_word' id='word_1_83' title='bbox 166 1349 236 1419; x_wconf 72' lang='grc' dir='ltr'><em>πῶς</em></span> <span class='ocrx_word' id='word_1_84' title='bbox 246 1340 327 1427; x_wconf 85' lang='grc' dir='ltr'><em>γάρ;</em></span> <span class='ocrx_word' id='word_1_85' title='bbox 348 1338 425 1406; x_wconf 85' lang='grc' dir='ltr'><em>ούτε</em></span> <span class='ocrx_word' id='word_1_86' title='bbox 436 1339 568 1425; x_wconf 82' lang='grc' dir='ltr'><em>θατέρφ</em></span> <span class='ocrx_word' id='word_1_87' title='bbox 580 1343 825 1424; x_wconf 77' lang='grc' dir='ltr'><em>ψηφιζομένους</em></span> <span class='ocrx_word' id='word_1_88' title='bbox 836 1336 1001 1424; x_wconf 84' lang='grc' dir='ltr'><em>εύορκείν·</em></span> <span class='ocrx_word' id='word_1_89' title='bbox 1026 1335 1117 1425; x_wconf 76' lang='grc' dir='ltr'><em>παρὰ</em></span> 
     </span>
     <span class='ocr_line' id='line_1_13' title="bbox 164 1434 1118 1526; baseline -0.004 -17"><span class='ocrx_word' id='word_1_90' title='bbox 164 1441 229 1526; x_wconf 84' lang='grc' dir='ltr'><em>γὰρ</em></span> <span class='ocrx_word' id='word_1_91' title='bbox 250 1438 310 1508; x_wconf 85' lang='grc' dir='ltr'><em>τόν</em></span> <span class='ocrx_word' id='word_1_92' title='bbox 332 1442 494 1520; x_wconf 81' lang='grc' dir='ltr'><em>ἐναντίον,</em></span> <span class='ocrx_word' id='word_1_93' title='bbox 517 1435 598 1503; x_wconf 85' lang='grc' dir='ltr'><em>ὅντα</em></span> <span class='ocrx_word' id='word_1_94' title='bbox 620 1434 653 1503; x_wconf 87' lang='grc' dir='ltr'><em>δ’</em></span> <span class='ocrx_word' id='word_1_95' title='bbox 671 1434 793 1523; x_wconf 89' lang='grc' dir='ltr'><em>ὁμοίως</em></span> <span class='ocrx_word' id='word_1_96' title='bbox 813 1438 943 1526; x_wconf 87' lang='grc' dir='ltr'><em>κύριον,</em></span> <span class='ocrx_word' id='word_1_97' title='bbox 959 1434 1118 1525; x_wconf 80' lang='grc' dir='ltr'><em>ἡγνιόοις</em></span> 
     </span>
     <span class='ocr_line' id='line_1_14' title="bbox 121 1527 1117 1625; baseline -0.001 -20"><span class='ocrx_word' id='word_1_98' title='bbox 121 1545 352 1625; x_wconf 73' lang='grc' dir='ltr'><em>ςςσυμβαίνει.</em></span> <span class='ocrx_word' id='word_1_99' title='bbox 382 1534 483 1603; x_wconf 84' lang='grc' dir='ltr'><em>τούτό</em></span> <span class='ocrx_word' id='word_1_100' title='bbox 506 1533 537 1601; x_wconf 89' lang='grc' dir='ltr'><em>τ’</em></span> <span class='ocrx_word' id='word_1_101' title='bbox 558 1527 623 1602; x_wconf 88' lang='grc' dir='ltr'><em>ούν</em></span> <span class='ocrx_word' id='word_1_102' title='bbox 644 1531 730 1620; x_wconf 75' lang='grc' dir='ltr'><em>ὑπὲρ</em></span> <span class='ocrx_word' id='word_1_103' title='bbox 751 1534 848 1623; x_wconf 73' lang='grc' dir='ltr'><em>ὑμῶν</em></span> <span class='ocrx_word' id='word_1_104' title='bbox 868 1536 1117 1624; x_wconf 78' lang='grc' dir='ltr'><em>φυλαττόμενος</em></span> 
     </span>
     <span class='ocr_line' id='line_1_15' title="bbox 167 1631 1117 1725; baseline 0.001 -21"><span class='ocrx_word' id='word_1_105' title='bbox 167 1645 271 1705; x_wconf 84' lang='grc' dir='ltr'><em>ταῦτα</em></span> <span class='ocrx_word' id='word_1_106' title='bbox 283 1648 420 1719; x_wconf 79' lang='grc' dir='ltr'><em>προεῖπε</em></span> <span class='ocrx_word' id='word_1_107' title='bbox 445 1633 500 1701; x_wconf 85' lang='grc' dir='ltr'><em>καὶ</em></span> <span class='ocrx_word' id='word_1_108' title='bbox 519 1639 566 1701; x_wconf 86' lang='grc' dir='ltr'><em>έτι</em></span> <span class='ocrx_word' id='word_1_109' title='bbox 578 1631 662 1719; x_wconf 83' lang='grc' dir='ltr'><em>πρὸς</em></span> <span class='ocrx_word' id='word_1_110' title='bbox 672 1634 779 1725; x_wconf 77' lang='grc' dir='ltr'><em>τούτῳ</em></span> <span class='ocrx_word' id='word_1_111' title='bbox 788 1636 996 1724; x_wconf 75' lang='grc' dir='ltr'><em>βουλόμενος</em></span> <span class='ocrx_word' id='word_1_112' title='bbox 1007 1637 1117 1724; x_wconf 89' lang='grc' dir='ltr'><em>φύλα-</em></span> 
     </span>
     <span class='ocr_line' id='line_1_16' title="bbox 166 1732 1118 1825; baseline 0.002 -22"><span class='ocrx_word' id='word_1_113' title='bbox 166 1763 226 1814; x_wconf 90' lang='grc' dir='ltr'><em>κας</em></span> <span class='ocrx_word' id='word_1_114' title='bbox 236 1732 323 1820; x_wconf 81' lang='grc' dir='ltr'><em>ὑμᾶς</em></span> <span class='ocrx_word' id='word_1_115' title='bbox 332 1741 400 1801; x_wconf 82' lang='grc' dir='ltr'><em>τάν</em></span> <span class='ocrx_word' id='word_1_116' title='bbox 411 1732 526 1819; x_wconf 90' lang='grc' dir='ltr'><em>νόμων</em></span> <span class='ocrx_word' id='word_1_117' title='bbox 537 1740 753 1820; x_wconf 76' lang='grc' dir='ltr'><em>καταστῆσαι·</em></span> <span class='ocrx_word' id='word_1_118' title='bbox 776 1733 849 1824; x_wconf 77' lang='grc' dir='ltr'><em>ᾔδει</em></span> <span class='ocrx_word' id='word_1_119' title='bbox 858 1734 924 1823; x_wconf 82' lang='grc' dir='ltr'><em>γάρ</em></span> <span class='ocrx_word' id='word_1_120' title='bbox 936 1740 1053 1825; x_wconf 75' lang='grc' dir='ltr'><em>έκεῖνο,</em></span> <span class='ocrx_word' id='word_1_121' title='bbox 1065 1734 1118 1806; x_wconf 87' lang='grc' dir='ltr'><em>ὅτι</em></span> 
     </span>
     <span class='ocr_line' id='line_1_17' title="bbox 166 1829 1116 1922; baseline -0.001 -20"><span class='ocrx_word' id='word_1_122' title='bbox 166 1834 224 1912; x_wconf 87' lang='grc' dir='ltr'><em>τάς</em></span> <span class='ocrx_word' id='word_1_123' title='bbox 235 1831 335 1910; x_wconf 86' lang='grc' dir='ltr'><em>ἀλλας</em></span> <span class='ocrx_word' id='word_1_124' title='bbox 352 1829 391 1910; x_wconf 85' lang='grc' dir='ltr'><em>ἀς</em></span> <span class='ocrx_word' id='word_1_125' title='bbox 407 1833 574 1917; x_wconf 79' lang='grc' dir='ltr'><em>γέγραφεν</em></span> <span class='ocrx_word' id='word_1_126' title='bbox 592 1830 704 1899; x_wconf 79' lang='grc' dir='ltr'><em>αύτων</em></span> <span class='ocrx_word' id='word_1_127' title='bbox 715 1835 867 1918; x_wconf 82' lang='grc' dir='ltr'><em>φυλακὰς</em></span> <span class='ocrx_word' id='word_1_128' title='bbox 884 1839 953 1902; x_wconf 81' lang='grc' dir='ltr'><em>ἔστι</em></span> <span class='ocrx_word' id='word_1_129' title='bbox 969 1842 1116 1922; x_wconf 77' lang='grc' dir='ltr'><em>πολλαχῆ</em></span> 
     </span>
     <span class='ocr_line' id='line_1_18' title="bbox 168 1928 1116 2019; baseline 0.002 -21"><span class='ocrx_word' id='word_1_130' title='bbox 168 1931 441 2012; x_wconf 87' lang='grc' dir='ltr'><em>διακρούσασθαι.</em></span> <span class='ocrx_word' id='word_1_131' title='bbox 473 1928 551 2008; x_wconf 86' lang='grc' dir='ltr'><em>τούς</em></span> <span class='ocrx_word' id='word_1_132' title='bbox 568 1930 792 2018; x_wconf 91' lang='grc' dir='ltr'><em>συνηγόρους,</em></span> <span class='ocrx_word' id='word_1_133' title='bbox 815 1930 874 2012; x_wconf 81' lang='grc' dir='ltr'><em>ούς</em></span> <span class='ocrx_word' id='word_1_134' title='bbox 890 1947 1116 2019; x_wconf 78' lang='grc' dir='ltr'><em>χειροτονεῖτε,</em></span> 
     </span>
     <span class='ocr_line' id='line_1_19' title="bbox 168 2024 1117 2106; baseline 0.001 -8"><span class='ocrx_word' id='word_1_135' title='bbox 168 2027 297 2098; x_wconf 90' lang='grc' dir='ltr'><em>δύναιτ’</em></span> <span class='ocrx_word' id='word_1_136' title='bbox 311 2024 354 2095; x_wconf 88' lang='grc' dir='ltr'><em>ἀν</em></span> <span class='ocrx_word' id='word_1_137' title='bbox 365 2037 476 2095; x_wconf 79' lang='grc' dir='ltr'><em>πεῖσαί</em></span> <span class='ocrx_word' id='word_1_138' title='bbox 488 2055 538 2106; x_wconf 91' lang='grc' dir='ltr'><em>τις</em></span> <span class='ocrx_word' id='word_1_139' title='bbox 548 2038 687 2096; x_wconf 85' lang='grc' dir='ltr'><em>σιωπάν.</em></span> <span class='ocrx_word' id='word_1_140' title='bbox 722 2032 890 2099; x_wconf 80' lang='grc' dir='ltr'><em>ἐκτιθέναι</em></span> <span class='ocrx_word' id='word_1_141' title='bbox 911 2032 1039 2100; x_wconf 77' lang='grc' dir='ltr'><em>κελεύει</em></span> <span class='ocrx_word' id='word_1_142' title='bbox 1054 2040 1117 2099; x_wconf 80' lang='grc' dir='ltr'><em>τοῦ</em></span> 
     </span>
     <span class='ocr_line' id='line_1_20' title="bbox 167 2124 1117 2216; baseline 0 -19"><span class='ocrx_word' id='word_1_143' title='bbox 167 2133 354 2213; x_wconf 83' lang='grc' dir='ltr'><em>προειδέναι</em></span> <span class='ocrx_word' id='word_1_144' title='bbox 364 2128 505 2207; x_wconf 90' lang='grc' dir='ltr'><em>πάντας·</em></span> <span class='ocrx_word' id='word_1_145' title='bbox 527 2127 595 2214; x_wconf 84' lang='grc' dir='ltr'><em>τάχ’</em></span> <span class='ocrx_word' id='word_1_146' title='bbox 607 2124 660 2214; x_wconf 87' lang='grc' dir='ltr'><em>ἀν,</em></span> <span class='ocrx_word' id='word_1_147' title='bbox 672 2136 704 2197; x_wconf 89' lang='grc' dir='ltr'><em>εί</em></span> <span class='ocrx_word' id='word_1_148' title='bbox 713 2130 821 2216; x_wconf 83' lang='grc' dir='ltr'><em>τύχοι,</em></span> <span class='ocrx_word' id='word_1_149' title='bbox 839 2132 919 2210; x_wconf 87' lang='grc' dir='ltr'><em>τούς</em></span> <span class='ocrx_word' id='word_1_150' title='bbox 935 2130 996 2216; x_wconf 71' lang='grc' dir='ltr'><em>μὲν</em></span> <span class='ocrx_word' id='word_1_151' title='bbox 1006 2127 1117 2198; x_wconf 86' lang='grc' dir='ltr'><em>ἀντει-</em></span> 
     </span>
     <span class='ocr_line' id='line_1_21' title="bbox 166 2223 1117 2316; baseline 0.001 -21"><span class='ocrx_word' id='word_1_152' title='bbox 166 2229 290 2307; x_wconf 89' lang='grc' dir='ltr'><em>πόντας</em></span> <span class='ocrx_word' id='word_1_153' title='bbox 300 2223 352 2314; x_wconf 86' lang='grc' dir='ltr'><em>ἀν,</em></span> <span class='ocrx_word' id='word_1_154' title='bbox 366 2232 397 2294; x_wconf 91' lang='grc' dir='ltr'><em>εί</em></span> <span class='ocrx_word' id='word_1_155' title='bbox 405 2233 655 2315; x_wconf 72' lang='grc' dir='ltr'><em>προαίσθοιντο,</em></span> <span class='ocrx_word' id='word_1_156' title='bbox 666 2227 782 2314; x_wconf 89' lang='grc' dir='ltr'><em>λάθοι,</em></span> <span class='ocrx_word' id='word_1_157' title='bbox 795 2233 829 2297; x_wconf 90' lang='grc' dir='ltr'><em>οί</em></span> <span class='ocrx_word' id='word_1_158' title='bbox 839 2227 870 2297; x_wconf 90' lang='grc' dir='ltr'><em>δ’</em></span> <span class='ocrx_word' id='word_1_159' title='bbox 884 2227 985 2298; x_wconf 77' lang='grc' dir='ltr'><em>οὐδὲν</em></span> <span class='ocrx_word' id='word_1_160' title='bbox 995 2231 1117 2316; x_wconf 85' lang='grc' dir='ltr'><em>προσέ·</em></span> 
     </span>
     <span class='ocr_line' id='line_1_22' title="bbox 117 2323 1117 2415; baseline -0.004 -17"><span class='ocrx_word' id='word_1_161' title='bbox 117 2346 149 2400; x_wconf 79' lang='grc'><em>37</em></span> <span class='ocrx_word' id='word_1_162' title='bbox 165 2353 278 2414; x_wconf 84' lang='grc' dir='ltr'><em>χοντες</em></span> <span class='ocrx_word' id='word_1_163' title='bbox 288 2324 465 2411; x_wconf 74' lang='grc' dir='ltr'><em>ἀναγνοῖεν</em></span> <span class='ocrx_word' id='word_1_164' title='bbox 476 2323 528 2394; x_wconf 86' lang='grc' dir='ltr'><em>ἀν.</em></span> <span class='ocrx_word' id='word_1_165' title='bbox 551 2324 634 2395; x_wconf 88' lang='grc' dir='ltr'><em>ἀλλά</em></span> <span class='ocrx_word' id='word_1_166' title='bbox 646 2326 841 2413; x_wconf 74' lang='grc' dir='ltr'><em>γράψασθαι</em></span> <span class='ocrx_word' id='word_1_167' title='bbox 852 2325 893 2415; x_wconf 81' lang='grc' dir='ltr'><em>νη</em></span> <span class='ocrx_word' id='word_1_168' title='bbox 904 2324 963 2396; x_wconf 87' lang='grc' dir='ltr'><em>Δί’</em></span> <span class='ocrx_word' id='word_1_169' title='bbox 975 2328 1117 2410; x_wconf 76' lang='grc' dir='ltr'><em>ἕκαστον</em></span> 
     </span>
     <span class='ocr_line' id='line_1_23' title="bbox 165 2421 1117 2513; baseline 0.004 -22"><span class='ocrx_word' id='word_1_170' title='bbox 165 2431 265 2510; x_wconf 82' lang='grc' dir='ltr'><em>ἔστιν,</em></span> <span class='ocrx_word' id='word_1_171' title='bbox 277 2423 296 2492; x_wconf 82' lang='grc' dir='ltr'>ὃ</span> <span class='ocrx_word' id='word_1_172' title='bbox 307 2422 397 2509; x_wconf 81' lang='grc' dir='ltr'><em>κάγά</em></span> <span class='ocrx_word' id='word_1_173' title='bbox 408 2427 486 2492; x_wconf 80' lang='grc' dir='ltr'><em>νυνί</em></span> <span class='ocrx_word' id='word_1_174' title='bbox 498 2433 674 2511; x_wconf 89' lang='grc' dir='ltr'><em>πεποίηκα·</em></span> <span class='ocrx_word' id='word_1_175' title='bbox 701 2423 873 2512; x_wconf 84' lang='grc' dir='ltr'><em>κάνταῦθ’,</em></span> <span class='ocrx_word' id='word_1_176' title='bbox 892 2421 936 2494; x_wconf 89' lang='grc' dir='ltr'><em>ἀν</em></span> <span class='ocrx_word' id='word_1_177' title='bbox 946 2423 1117 2513; x_wconf 73' lang='grc' dir='ltr'><em>ἀπαλλάξῃ</em></span> 
     </span>
     <span class='ocr_line' id='line_1_24' title="bbox 167 2514 1116 2611; baseline 0 -21"><span class='ocrx_word' id='word_1_178' title='bbox 167 2550 215 2602; x_wconf 86' lang='grc' dir='ltr'><em>τις</em></span> <span class='ocrx_word' id='word_1_179' title='bbox 226 2523 285 2590; x_wconf 82' lang='grc' dir='ltr'><em>τὸν</em></span> <span class='ocrx_word' id='word_1_180' title='bbox 296 2521 491 2608; x_wconf 83' lang='grc' dir='ltr'><em>ἐπιστάντα,</em></span> <span class='ocrx_word' id='word_1_181' title='bbox 513 2520 646 2608; x_wconf 83' lang='grc' dir='ltr'><em>ἡπόλις</em></span> <span class='ocrx_word' id='word_1_182' title='bbox 662 2527 959 2611; x_wconf 86' lang='grc' dir='ltr'><em>παρακέκρουσται.</em></span> <span class='ocrx_word' id='word_1_183' title='bbox 992 2528 1041 2603; x_wconf 89' lang='grc' dir='ltr'><em>τίς</em></span> <span class='ocrx_word' id='word_1_184' title='bbox 1051 2514 1116 2591; x_wconf 80' lang='grc' dir='ltr'><em>οὖν</em></span> 
     </span>
     <span class='ocr_line' id='line_1_25' title="bbox 167 2619 1116 2712; baseline -0.001 -22"><span class='ocrx_word' id='word_1_185' title='bbox 167 2623 254 2708; x_wconf 92' lang='grc' dir='ltr'><em>μόνη</em></span> <span class='ocrx_word' id='word_1_186' title='bbox 267 2619 400 2708; x_wconf 77' lang='grc' dir='ltr'><em>φυλακὴ</em></span> <span class='ocrx_word' id='word_1_187' title='bbox 407 2623 462 2688; x_wconf 81' lang='grc' dir='ltr'><em>καὶ</em></span> <span class='ocrx_word' id='word_1_188' title='bbox 474 2626 583 2689; x_wconf 92' lang='grc' dir='ltr'><em>δικαία</em></span> <span class='ocrx_word' id='word_1_189' title='bbox 593 2626 649 2691; x_wconf 75' lang='grc' dir='ltr'><em>καὶ</em></span> <span class='ocrx_word' id='word_1_190' title='bbox 659 2628 791 2712; x_wconf 82' lang='grc' dir='ltr'><em>βέβαιος</em></span> <span class='ocrx_word' id='word_1_191' title='bbox 801 2633 870 2693; x_wconf 77' lang='grc' dir='ltr'><em>τῶν</em></span> <span class='ocrx_word' id='word_1_192' title='bbox 879 2624 1011 2710; x_wconf 90' lang='grc' dir='ltr'><em>νόμων;</em></span> <span class='ocrx_word' id='word_1_193' title='bbox 1022 2619 1116 2709; x_wconf 73' lang='grc' dir='ltr'><em>ὑμεῖς</em></span> 
     </span>
     <span class='ocr_line' id='line_1_26' title="bbox 168 2719 1113 2809; baseline -0.001 -22"><span class='ocrx_word' id='word_1_194' title='bbox 168 2727 202 2788; x_wconf 83' lang='grc' dir='ltr'><em>οί</em></span> <span class='ocrx_word' id='word_1_195' title='bbox 206 2728 326 2788; x_wconf 88' lang='grc' dir='ltr'><em>πολλοί</em></span> <span class='ocrx_word' id='word_1_196' title='bbox 330 2747 337 2759; x_wconf 93' lang='grc'>·</span> <span class='ocrx_word' id='word_1_197' title='bbox 350 2719 427 2787; x_wconf 89' lang='grc' dir='ltr'><em>ούτε</em></span> <span class='ocrx_word' id='word_1_198' title='bbox 437 2720 501 2807; x_wconf 85' lang='grc' dir='ltr'><em>γάρ</em></span> <span class='ocrx_word' id='word_1_199' title='bbox 509 2720 546 2789; x_wconf 82' lang='grc' dir='ltr'><em>τό</em></span> <span class='ocrx_word' id='word_1_200' title='bbox 560 2725 749 2806; x_wconf 75' lang='grc' dir='ltr'><em>γνωναικαδ</em></span> <span class='ocrx_word' id='word_1_201' title='bbox 763 2722 939 2808; x_wconf 89' lang='grc' dir='ltr'><em>δοκιμάσαι</em></span> <span class='ocrx_word' id='word_1_202' title='bbox 951 2719 988 2789; x_wconf 83' lang='grc' dir='ltr'><em>τό</em></span> <span class='ocrx_word' id='word_1_203' title='bbox 1003 2723 1113 2809; x_wconf 75' lang='grc' dir='ltr'><em>βέλτι-</em></span> 
     </span>
     <span class='ocr_line' id='line_1_27' title="bbox 168 2815 1179 2907; baseline -0.001 -20"><span class='ocrx_word' id='word_1_204' title='bbox 168 2838 247 2887; x_wconf 91' lang='grc' dir='ltr'><em>στον</em></span> <span class='ocrx_word' id='word_1_205' title='bbox 258 2820 427 2898; x_wconf 83' lang='grc' dir='ltr'><em>ἐξελέσθαι</em></span> <span class='ocrx_word' id='word_1_206' title='bbox 439 2816 567 2886; x_wconf 87' lang='grc' dir='ltr'><em>δύναιτ’</em></span> <span class='ocrx_word' id='word_1_207' title='bbox 578 2815 621 2887; x_wconf 85' lang='grc' dir='ltr'><em>ἀν</em></span> <span class='ocrx_word' id='word_1_208' title='bbox 633 2818 730 2907; x_wconf 79' lang='grc' dir='ltr'><em>ὑμῶν</em></span> <span class='ocrx_word' id='word_1_209' title='bbox 740 2818 818 2890; x_wconf 73' lang='grc' dir='ltr'><em>ούδέ</em></span> <span class='ocrx_word' id='word_1_210' title='bbox 829 2818 891 2907; x_wconf 79' lang='grc' dir='ltr'><em>εἷς,</em></span> <span class='ocrx_word' id='word_1_211' title='bbox 913 2819 991 2890; x_wconf 88' lang='grc' dir='ltr'><em>ούτε</em></span> <span class='ocrx_word' id='word_1_212' title='bbox 1007 2818 1115 2887; x_wconf 86' lang='grc' dir='ltr'><em>άπαλ-</em></span> <span class='ocrx_word' id='word_1_213' title='bbox 1125 2843 1179 2898; x_wconf 77' lang='lat'><em>712</em></span> 
     </span>
     <span class='ocr_line' id='line_1_28' title="bbox 166 2917 1116 3006; baseline -0.001 -21"><span class='ocrx_word' id='word_1_214' title='bbox 166 2917 265 2997; x_wconf 85' lang='grc' dir='ltr'><em>λάξας</em></span> <span class='ocrx_word' id='word_1_215' title='bbox 275 2918 330 2984; x_wconf 82' lang='grc' dir='ltr'><em>καὶ</em></span> <span class='ocrx_word' id='word_1_216' title='bbox 342 2919 540 3004; x_wconf 88' lang='grc' dir='ltr'><em>διαφθείρας</em></span> <span class='ocrx_word' id='word_1_217' title='bbox 550 2933 658 2987; x_wconf 81' lang='grc' dir='ltr'><em>πείσαι</em></span> <span class='ocrx_word' id='word_1_218' title='bbox 675 2917 735 2987; x_wconf 88' lang='grc' dir='ltr'><em>τόν</em></span> <span class='ocrx_word' id='word_1_219' title='bbox 751 2926 849 3006; x_wconf 85' lang='grc' dir='ltr'><em>χείρω</em></span> <span class='ocrx_word' id='word_1_220' title='bbox 866 2925 993 2989; x_wconf 84' lang='grc' dir='ltr'><em>θέσθαι</em></span> <span class='ocrx_word' id='word_1_221' title='bbox 1009 2919 1116 3005; x_wconf 85' lang='grc' dir='ltr'><em>νόμον</em></span> 
     </span>
     <span class='ocr_line' id='line_1_29' title="bbox 122 3015 1115 3107; baseline 0.001 -23"><span class='ocrx_word' id='word_1_222' title='bbox 122 3015 239 3097; x_wconf 70' lang='grc' dir='ltr'><em>ςςάντὶ</em></span> <span class='ocrx_word' id='word_1_223' title='bbox 260 3021 320 3083; x_wconf 86' lang='grc' dir='ltr'><em>τού</em></span> <span class='ocrx_word' id='word_1_224' title='bbox 342 3023 537 3100; x_wconf 87' lang='grc' dir='ltr'><em>κρείττονος.</em></span> <span class='ocrx_word' id='word_1_225' title='bbox 572 3016 626 3086; x_wconf 87' lang='grc' dir='ltr'><em>διά</em></span> <span class='ocrx_word' id='word_1_226' title='bbox 648 3026 752 3086; x_wconf 89' lang='grc' dir='ltr'><em>ταύτα</em></span> <span class='ocrx_word' id='word_1_227' title='bbox 774 3020 884 3087; x_wconf 86' lang='grc' dir='ltr'><em>πάντα</em></span> <span class='ocrx_word' id='word_1_228' title='bbox 907 3017 955 3107; x_wconf 81' lang='grc' dir='ltr'><em>ἐφ’</em></span> <span class='ocrx_word' id='word_1_229' title='bbox 975 3018 1115 3101; x_wconf 79' lang='grc' dir='ltr'><em>ἑκάστην</em></span> 
     </span>
     <span class='ocr_line' id='line_1_30' title="bbox 167 3112 1115 3206; baseline 0 -24"><span class='ocrx_word' id='word_1_230' title='bbox 167 3113 298 3204; x_wconf 78' lang='grc' dir='ltr'><em>ἀπαντᾷ</em></span> <span class='ocrx_word' id='word_1_231' title='bbox 315 3115 377 3202; x_wconf 76' lang='grc' dir='ltr'><em>τὴν</em></span> <span class='ocrx_word' id='word_1_232' title='bbox 395 3113 561 3184; x_wconf 73' lang='grc' dir='ltr'><em>ὀδόντων</em></span> <span class='ocrx_word' id='word_1_233' title='bbox 578 3116 807 3206; x_wconf 83' lang='grc' dir='ltr'><em>ἀδικημάτων,</em></span> <span class='ocrx_word' id='word_1_234' title='bbox 829 3119 972 3187; x_wconf 83' lang='grc' dir='ltr'><em>κωλύων</em></span> <span class='ocrx_word' id='word_1_235' title='bbox 987 3112 1115 3186; x_wconf 78' lang='grc' dir='ltr'><em>καδούιι</em></span> 
     </span>
     <span class='ocr_line' id='line_1_31' title="bbox 167 3212 1116 3304; baseline 0.002 -24"><span class='ocrx_word' id='word_1_236' title='bbox 167 3217 233 3281; x_wconf 72' lang='grc' dir='ltr'><em>εὀδν</em></span> <span class='ocrx_word' id='word_1_237' title='bbox 243 3219 388 3300; x_wconf 76' lang='grc' dir='ltr'><em>βαδίζειν</em></span> <span class='ocrx_word' id='word_1_238' title='bbox 396 3214 475 3296; x_wconf 89' lang='grc' dir='ltr'><em>τούς</em></span> <span class='ocrx_word' id='word_1_239' title='bbox 486 3217 762 3304; x_wconf 81' lang='grc' dir='ltr'><em>ἐπιβουλεύοντας</em></span> <span class='ocrx_word' id='word_1_240' title='bbox 773 3215 863 3304; x_wconf 77' lang='grc' dir='ltr'><em>ύμῖν.</em></span> <span class='ocrx_word' id='word_1_241' title='bbox 893 3225 997 3286; x_wconf 82' lang='grc' dir='ltr'><em>ταῦτα</em></span> <span class='ocrx_word' id='word_1_242' title='bbox 1008 3212 1116 3284; x_wconf 85' lang='grc' dir='ltr'><em>πάντα</em></span> 
     </span>
     <span class='ocr_line' id='line_1_32' title="bbox 172 3312 1120 3402; baseline 0.002 -25"><span class='ocrx_word' id='word_1_243' title='bbox 172 3313 386 3401; x_wconf 88' lang='grc' dir='ltr'><em>Τιμοκράτης,</em></span> <span class='ocrx_word' id='word_1_244' title='bbox 401 3313 490 3381; x_wconf 87' lang='grc' dir='ltr'><em>ούτω</em></span> <span class='ocrx_word' id='word_1_245' title='bbox 505 3323 613 3395; x_wconf 73' lang='grc' dir='ltr'><em>καλοῖς</em></span> <span class='ocrx_word' id='word_1_246' title='bbox 624 3318 679 3384; x_wconf 79' lang='grc' dir='ltr'><em>καί</em></span> <span class='ocrx_word' id='word_1_247' title='bbox 691 3320 826 3394; x_wconf 89' lang='grc' dir='ltr'><em>δικαίως</em></span> <span class='ocrx_word' id='word_1_248' title='bbox 836 3321 981 3402; x_wconf 88' lang='grc' dir='ltr'><em>κείμενα,</em></span> <span class='ocrx_word' id='word_1_249' title='bbox 992 3312 1120 3400; x_wconf 80' lang='grc' dir='ltr'><em>ἠφάνι-</em></span> 
     </span>
     <span class='ocr_line' id='line_1_33' title="bbox 169 3408 1120 3503; baseline 0.004 -29"><span class='ocrx_word' id='word_1_250' title='bbox 169 3432 237 3492; x_wconf 88' lang='grc' dir='ltr'><em>σεν,</em></span> <span class='ocrx_word' id='word_1_251' title='bbox 251 3412 428 3496; x_wconf 77' lang='grc' dir='ltr'><em>ἐξήλειψεν,</em></span> <span class='ocrx_word' id='word_1_252' title='bbox 437 3411 518 3480; x_wconf 84' lang='grc' dir='ltr'><em>ὅσον</em></span> <span class='ocrx_word' id='word_1_253' title='bbox 528 3408 572 3498; x_wconf 78' lang='grc' dir='ltr'><em>ἦν</em></span> <span class='ocrx_word' id='word_1_254' title='bbox 582 3417 634 3482; x_wconf 79' lang='grc' dir='ltr'><em>ἐπὶ</em></span> <span class='ocrx_word' id='word_1_255' title='bbox 644 3413 766 3503; x_wconf 75' lang='grc' dir='ltr'><em>τούτῳ,</em></span> <span class='ocrx_word' id='word_1_256' title='bbox 779 3416 834 3482; x_wconf 80' lang='grc' dir='ltr'><em>καί</em></span> <span class='ocrx_word' id='word_1_257' title='bbox 849 3412 955 3498; x_wconf 89' lang='grc' dir='ltr'><em>νόμον</em></span> <span class='ocrx_word' id='word_1_258' title='bbox 968 3409 1120 3497; x_wconf 78' lang='grc' dir='ltr'><em>εἰσήνεγ-</em></span> 
     </span>
    </p>
   </div>
   <div class='ocr_carea' id='block_1_4' title="bbox 0 0 1190 3854">
    <p class='ocr_par' dir='ltr' id='par_1_4' title="bbox 0 0 1190 3854">
     <span class='ocr_line' id='line_1_34' title="bbox 0 0 1190 3854; baseline 0 0"><span class='ocrx_word' id='word_1_259' title='bbox 0 0 1190 3854; x_wconf 95' lang='lat' dir='ltr'><em> </em></span> 
     </span>
    </p>
   </div>
  </div>
 </body>
</html>
