2370 3854
160 221 202 285 48
372 223 432 279 XX.
468 217 808 278 ΔΗΜΟΣΘΕΝΟ
818 216 883 275 ΤΣ

160 381 317 468 ποιήκατε
327 404 405 458 τους
416 375 634 463 εὑρομένους,
652 379 706 444 καὶ
718 385 776 463 τῆς
785 379 1016 464 Δημοφάντου
1029 372 1110 464 στή-

161 490 220 567 λης
230 482 303 566 περὶ
315 472 355 566 ἧς
366 477 434 546 είτιε
445 482 618 562 Φορμίων,
638 479 675 544 έν
685 467 707 564 ᾗ
717 480 897 565 γέγραπται
909 479 964 546 καὶ
975 474 1112 563 όμώμο·

160 606 224 665 ται,
237 579 281 647 ἀν
289 605 338 656 τις
348 575 487 662 ἀμύνων
498 602 529 642 τι
540 575 634 662 πάθη
645 582 687 662 τῇ
698 579 916 664 δημοκρατίᾳ,
936 572 995 653 τάς
1006 570 1111 653 αάτδις
1120 587 1174 644 506

162 678 281 746 δώσειν
292 673 418 763 δωρεὰς
429 670 701 763 ἀστερἎρμοδίμ
713 675 769 740 καὶ
777 669 1036 758 Ἀριστογείτονι,
1048 698 1112 738 κα-

160 784 394 862 ταυηφίσασθε
405 780 474 840 τοῦ
483 772 601 857 νόμου.
634 770 675 838 οὐ
692 769 756 857 γάρ
770 769 875 839 ἔνεστ’
890 769 1058 858 εὐορκεῖν,
1081 775 1112 837 εί

160 874 204 961 μὴ
215 881 313 942 τοῦτο
326 872 485 959 ποιήσετε.

102 989 154 1043 160
245 969 342 1055 Παρά
361 971 469 1038 πάντα
487 969 522 1037 δὲ
539 976 643 1036 ταῦτα
659 971 765 1037 έκεῖνο
783 973 829 1036 ἔτι
847 967 1014 1036 ἀκούσατέ
1033 992 1109 1054 μου.

162 1067 224 1139 οὐκ
236 1074 284 1136 ένι
295 1073 506 1153 τοῦτονέχειν
514 1074 622 1144 καλῶς
632 1065 692 1135 τόν
702 1067 817 1154 νόμον,
825 1065 1111 1154 δςτιερίτώνπαρ-

164 1169 381 1255 εληλυθότων
403 1169 458 1234 καὶ
479 1174 548 1234 τών
562 1167 753 1250 μελλόντων
762 1165 864 1235 ταάτά
876 1162 972 1252 λέγει.
1001 1161 1110 1251 μηδέν’

162 1265 250 1334 είναί
257 1285 360 1352 φησιν
371 1262 468 1351 ἀτελῆ
480 1263 641 1350 πλήντών
651 1262 708 1349 ἀφ’
714 1262 891 1352 Ἁρμοδίου
903 1264 1112 1347 καίἈριστο-

160 1370 316 1450 γείτονος.
339 1370 456 1442 καλῶς.
480 1363 561 1449 μηδὲ
574 1361 1008 1445 τδλοιπδνέξείναιδοῦυαι.
1031 1359 1111 1449 μηδ’

163 1460 206 1528 ἀν
217 1470 363 1530 τοιοῦτοί
377 1487 465 1540 τινες
482 1465 659 1548 γένωνται,
682 1470 843 1551 Λεπτίνης
876 1470 906 1532 εί
920 1464 960 1531 τά
972 1459 1036 1545 πρό
1051 1470 1112 1529 τοῦ

18 1597 20 1601 ·
103 1578 149 1629 161
162 1564 390 1645 κατεμέμφου,
402 1566 437 1627 τί
440 1588 447 1638 ;
470 1559 513 1644 μὴ
525 1561 579 1627 καὶ
589 1558 629 1626 τὰ
639 1558 785 1645 μέλλοντ’
799 1559 904 1648 ᾔδειςς
930 1559 981 1629 ὅτι
991 1559 1032 1646 νὴ
1044 1566 1112 1626 Δία

162 1659 277 1743 πόρρω
286 1664 347 1725 τοῦ
359 1684 390 1724 τι
400 1665 555 1724 τοιοῦτον
567 1661 708 1737 ἐλπίζειν
716 1665 783 1724 νῦν
793 1661 901 1743 έσμέν.
933 1659 988 1726 καὶ
1001 1660 1119 1744 είημέν

161 1754 201 1842 γ’,
214 1748 240 1823 ώ
251 1753 558 1842 ἀνδρεςἉθηναίοι.
583 1753 666 1822 ἀλλά
677 1755 740 1842 χρη
750 1781 788 1841 γε
798 1754 1003 1840 ἀνθρώπους
1013 1754 1112 1834 όντας
1152 1753 1156 1757 ’

161 1861 296 1922 τοιαῦτα
314 1855 369 1922 καὶ
381 1858 490 1938 λέγειν
506 1857 561 1922 καί
580 1863 777 1940 νομοθετείν
804 1850 854 1932 οἶς
881 1849 1114 1942 μηδείςάννε-

163 1953 317 2047 μεσήσαι,
330 1953 385 2020 καὶ
395 1951 526 2038 τάγαθὰ
537 1953 598 2038 μέν
608 1958 800 2037 προσδοκᾶν
809 1956 863 2021 καὶ
874 1967 941 2031 τοῖς
951 1963 1044 2032 θεοίς
1055 1950 1113 2019 εὔ-

163 2061 281 2137 χεσθαι
292 2051 435 2137 διδόναι,
452 2053 559 2119 πάντα
576 2050 607 2119 δ’
622 2050 821 2136 ἀνθρώπινα
837 2049 1000 2138 ἡγεῖσθαι.
1034 2049 1112 2125 οὐδὲ

163 2146 228 2236 γάρ
246 2145 288 2216 ἀν
299 2151 559 2237 Λακεδαιμόνιοί
572 2149 643 2219 ποτ’
661 2150 804 2237 ἤλπισαν
820 2156 865 2230 είς
876 2159 1013 2219 τοιαῦτα
1024 2148 1112 2234 πρό-

164 2245 262 2335 γματ’
275 2245 470 2334 ἀφίξεσθαι,
492 2249 575 2319 οὐδέ
590 2247 618 2335 γ’
632 2258 711 2328 ίσως
728 2251 934 2334 Συρακόσιοι
953 2249 990 2318 τό
1009 2247 1112 2317 κοίλαι

165 2349 471 2434 δημοκρατούμενοι
490 2350 545 2417 καὶ
562 2348 691 2435 φόρους
701 2353 950 2436 Καρχηδονίους
967 2345 1116 2434 πραττό-·

164 2470 260 2530 μενοι
271 2449 325 2512 καί
337 2447 472 2513 πόντων
488 2456 556 2513 των
573 2449 648 2529 περὶ
660 2445 783 2525 αὑτοὺς
794 2447 950 2532 ἀρχοντες
960 2449 1014 2512 καί
1026 2471 1111 2512 ναυ-

165 2547 265 2629 μαχίμ
279 2544 487 2629 νενικηκότες
497 2541 581 2630 ἡμᾶς
595 2542 651 2630 ὑφ’
663 2542 737 2622 ένδς
746 2547 977 2629 γραμματέως,
991 2543 1034 2620 ώς
1044 2570 1112 2629 φα·

104 2659 155 2712 162
165 2664 208 2726 σι,
220 2640 500 2726 τυραννήσεσθαι.
523 2637 603 2708 οὐδέ
613 2639 641 2726 γ’
656 2639 673 2707 ό
689 2649 754 2708 νῦν
766 2637 814 2708 τόν
824 2640 1005 2721 Διονύσιος
1014 2640 1112 2728 ἤλπι-

166 2762 224 2806 σεν
245 2737 289 2803 ἀν
311 2735 380 2803 ποτ’
398 2747 477 2817 ίσως
495 2745 598 2828 πλοίῳ
616 2740 807 2829 στρογγύλῳ
825 2741 880 2808 καὶ
901 2743 1112 2827 στρατιώταις

164 2834 287 2921 ὀλίγοις
297 2844 412 2903 Δίωνα
430 2837 575 2905 ἐλθόντα
592 2836 642 2924 ἐφ’
654 2835 758 2906 αὑτὸν
775 2843 926 2926 έκβαλείν
941 2837 1001 2908 τόν
1018 2841 1113 2927 τριή-

165 2961 233 3018 ρεις
244 2933 368 3013 πολλός
385 2937 440 3003 καὶ
459 2937 573 3016 ξένους
585 2940 640 3005 καὶ
656 2938 767 3016 πόλεις
783 2942 992 3025 κεκτημένον.
1029 2937 1109 3025 ἀλλ’,

69 3059 77 3077 ·
165 3033 265 3118 οἶμαι,
277 3031 314 3100 τό
327 3035 448 3118 μέλλον
459 3032 585 3121 ἀδηλον
596 3044 698 3104 πᾶσιν
708 3036 917 3124 ἀνθρώποις,
935 3041 989 3106 καὶ
1000 3040 1109 3125 μικροὶ

164 3133 273 3214 καιροὶ
289 3132 443 3216 μεγάλωυ
458 3135 660 3220 πραγμάτων
675 3145 773 3204 αίτιοι
788 3142 965 3222 γίγνονται.
999 3134 1049 3207 διδ
1062 3141 1115 3204 δεῖ

165 3229 347 3314 μετριάζειν
368 3233 405 3297 έν
426 3247 495 3311 ταῖς
518 3231 706 3318 εὐπραξίαις
727 3238 781 3303 καὶ
803 3239 1058 3324 προορωμένους
1073 3236 1109 3303 τό

164 3330 286 3413 μέλλον
297 3337 486 3414 φαίνεσθαι.

107 3437 156 3492 163
230 3429 363 3497 ,Πολλά
374 3426 404 3494 δ’
418 3426 518 3509 ἀντις
535 3435 602 3517 ἔχοι
621 3434 728 3520 λέγειν
740 3439 786 3501 ἔτι
803 3437 858 3502 καλ
875 3437 1026 3515 διεξιέναι
1038 3438 1109 3516 περί
1120 3453 1175 3509 507
