2370 3854
164 212 226 277 192
380 208 478 268 xxlll.
510 194 930 269 ΔΗΜΟΣΘΕΝΟΤΣ

163 375 277 461 θάτης
287 374 362 458 περὶ
371 377 441 439 τόν
457 365 680 454 ὑπαρχόντων
695 374 898 453 γεγενῆσθαι
913 376 1044 458 μείζους
1053 380 1123 442 τοῖν

165 474 331 563 πρότερον
352 467 433 550 τοὺς
453 468 644 546 κινδύνους.
681 463 746 553 λέγ’
759 469 793 548 ἐξ
815 469 927 555 ἑτέρας
948 475 1123 560 ἐπιστολῆς

166 576 335 652 ἐπιδειξας.

517 689 764 751 ΕΠΙΣΤοΛια
1131 708 1177 769 ⁶⁷4

250 798 323 888 Λέγ’
338 803 370 880 ἐξ
388 799 507 882 ἑτέρας.

517 934 767 996 ΕΠΙΣΤΟΛΗ.

105 1075 156 1129 162
243 1044 361 1130 Ὁράτε
377 1042 430 1114 ότι
446 1041 661 1129 πανταχόθεν
681 1040 719 1108 τό
742 1048 877 1128 πρᾶγμα
897 1057 1121 1132 μαρτυρείτω,

165 1147 217 1216 ότι
228 1143 344 1232 διαβάς
355 1141 419 1212 οὐκ
430 1146 482 1211 ἐπὶ
491 1139 552 1212 τόν
562 1142 693 1227 Κότυν,
716 1137 783 1208 ἀλλ’
797 1136 846 1226 ἐφ’
858 1137 944 1227 ἡμᾶς
954 1137 1020 1229 μετ’
1035 1146 1122 1213 ἐιιεί-

164 1271 228 1315 νου
246 1243 433 1331 ἐπορεύετο.
467 1248 516 1310 ἔτι
538 1248 655 1309 τοίνυν
669 1238 795 1327 ταάτηυ
815 1241 925 1328 μόνην
945 1239 1125 1330 άυάγνωθί

165 1370 222 1434 μοι
236 1343 300 1432 τὴν
317 1341 511 1429 ἐπιστολὴν,
533 1339 592 1420 τάς
609 1338 640 1408 δ’
655 1339 757 1419 άλλως
772 1344 825 1407 ἔα·
859 1344 962 1427 δῆλον
977 1341 1041 1427 γάρ
1053 1365 1121 1410 που

165 1443 247 1534 ὑμῖν
257 1449 396 1530 γε’γονεν
408 1440 451 1522 ὡς
461 1441 685 1528 πεφενάκικεν
696 1437 793 1527 ὑμᾶς.
821 1442 903 1525 λέγε.

516 1608 765 1673 ΕΠΙΣΤΟΛΗ.

247 1735 402 1822 Ἐπίσχες.
425 1737 630 1822 ἐνθυμεῖσθε
641 1733 693 1802 ότι
709 1733 839 1820 γράψας
855 1734 917 1819 μὲν
929 1732 974 1814 ὡς
984 1732 1122 1804 άποόά-

166 1859 217 1907 σει
228 1838 455 1924 Χερρόνησον,
473 1832 514 1903 τά
525 1833 623 1902 λοιπά
635 1831 820 1919 ἀφελέσθαι
830 1834 1005 1920 μισθώσας
1016 1831 1122 1903 αὑτὸν

165 1935 415 2020 τοίςὺμετέροις
431 1936 563 2018 ἐχθροῖς
579 1936 753 2019 ἐπεχείρει,
775 1930 905 2018 γράψας
921 1930 957 2000 δὲ
977 1929 1123 2012 ὦςἈλε-

168 2035 314 2119 ξάνόρου
326 2034 622 2119 πρεσβευσαμένου
632 2031 716 2116 πρὸς
727 2028 880 2100 αάτόυού
891 2034 1121 2121 προσεδέξατο,

166 2147 235 2212 τοῖς
252 2142 386 2222 λησταίς
402 2138 556 2218 φαίνεται
573 2145 642 2212 τοῖς
659 2129 732 2216 παρ’
745 2133 877 2200 ἐκείνου
894 2128 997 2200 ταύτά
1016 2132 1122 2218 πράτ-

167 2259 243 2300 των.
278 2229 399 2310 εάυους
408 2257 463 2318 γε,
486 2228 528 2299 οά
538 2231 622 2317 γαίης
645 2228 759 2310 ἁπλαῖς
777 2228 872 2317 ὑμίν,
893 2232 948 2299 καὶ
965 2227 1067 2300 οὐδὲν
1078 2228 1123 2301 άν

167 2337 348 2411 ἐπιστείλας
357 2335 482 2414 ψεῦδος
493 2327 566 2399 οὐδ’
581 2330 794 2416 ἐξαπατήσας.

109 2470 157 2525 153
253 2444 305 2513 Οὐ
315 2451 431 2513 τοίνυν
442 2449 478 2513 ἐκ
489 2446 620 2513 τούτων
630 2470 682 2513 πω
694 2438 798 2531 δῆλόν
807 2440 890 2528 ἐσθ’,
904 2443 993 2511 οὕτω
1005 2450 1124 2530 σαφοῦς

166 2551 271 2630 δῆλον
288 2538 346 2627 όν,
367 2538 410 2622 ὡς
427 2541 530 2611 οὐδὲν
541 2543 660 2611 πιστόν
676 2541 747 2611 ἐσθ’
761 2533 809 2612 ὧν
825 2540 950 2623 ἐκεῖνός
967 2566 1051 2632 φησι
1065 2545 1124 2613 καὶ

168 2656 397 2728 προσποιεῖται
411 2651 454 2731 τῇ
475 2642 571 2710 πόλει
588 2643 777 2728 προσέχειν,
802 2639 871 2712 ἀλλ’
889 2646 926 2710 ἐκ
946 2650 1016 2711 τοῖν
1038 2640 1122 2729 μετά

167 2751 272 2810 ταῦτα
290 2741 493 2828 συμβάντων
509 2746 599 2808 ἔσται
616 2740 862 2828 φανερώτερον.
894 2738 955 2808 τόν
972 2741 1034 2827 μὲν
1055 2738 1122 2828 γάρ

166 2840 299 2924 Κότυν,
323 2832 363 2905 εὖ
380 2847 504 2925 ποιαίν,
528 2837 609 2908 όντα
625 2837 652 2925 γ’
666 2838 791 2927 ἐχθρὸν
806 2835 887 2924 ὑμίν
903 2840 958 2906 καὶ
971 2837 1123 2926 πονηρόν

166 2937 409 3007 άποιιτίννυσιν
420 2935 437 3005 ὁ
449 2937 615 3027 Πάθωυ,ὁ
629 2940 665 3009 δὲ
673 2941 928 3026 Κερσοβλέπτης
939 2936 956 3009 ὁ
969 2941 1048 3007 νυνὶ
1056 2945 1124 3026 βα-

167 3038 312 3107 σιλεύων
329 3039 566 3126 μειρακύλλιον
586 3032 631 3126 ἦν
648 3040 703 3107 καὶ
725 3039 846 3117 πάντες
862 3043 897 3106 οί
910 3045 974 3106 τοῦ
988 3037 1123 3118 Κότυος

165 3145 291 3224 παῖδες,
308 3146 377 3205 τῶν
395 3139 431 3207 δὲ
448 3138 650 3225 πραγμάτων
667 3137 783 3223 πόριος
794 3136 848 3206 διά
860 3137 922 3225 τὴν
932 3143 1123 3225 παρουσίαν

165 3238 221 3304 καὶ
231 3233 267 3304 τό
281 3237 426 3323 δύναμιν
437 3242 522 3325 ἔχειν
532 3237 550 3306 ὁ
561 3242 750 3323 Χαρίδημος
761 3236 917 3323 ἐγεγόνει,
930 3229 990 3323 ἧκε
1001 3235 1038 3305 δὲ
1048 3243 1125 3325 Κη-

166 3334 342 3418 φισόδοτος
359 3345 568 3424 στρατηγῶν,
586 3333 669 3423 πρὸς
679 3331 719 3403 ὃν
730 3333 831 3417 αάτός
841 3341 965 3422 ἔπεμψε
975 3336 1037 3424 τὴν
1048 3340 1125 3405 ἐπι-

167 3432 289 3517 στολὴν
300 3437 441 3523 ἐκείνην,
462 3440 519 3506 καὶ
530 3441 567 3506 αί
580 3435 739 3525 τριήρεις,
763 3443 812 3517 αἳ,
835 3435 886 3506 ὅτ’
900 3430 944 3524 ἦν
961 3436 1123 3524 άδηλατά
