2370 3854
125 239 165 304 12
335 243 393 301 XX.
426 237 762 298 ΔΗΜΟΣΘΕΝΟ
772 238 839 298 ΤΣ

122 403 184 468 τόν
208 402 284 485 περὶ
311 406 378 465 τῶν
403 404 623 483 τριηραρχιῶν
651 395 774 482 νόμον,
802 398 856 464 καὶ
877 400 951 481 λέχε
975 403 1073 464 τοῦτο

155 495 164 521 9
197 497 205 519 Ι
1100 488 1104 495 “

123 524 214 566 αυτο.

506 667 685 728 ΝΟΜΟΣ.

188 787 324 896 ’[Ἀτελή
336 794 367 857 δὲ
388 795 499 874 μηδένα
519 789 596 858 εἰναι
606 799 793 878 τριηραρχίας
812 790 891 877 πλὴν
910 800 970 858 τῶν
991 795 1075 858 ἐννέα

122 872 297 961 ἀρχονταν.]

78 1005 113 1060 28
203 983 316 1074 ‘0063’
329 983 373 1066 ὥς
383 995 508 1074 σαφῶς,
521 979 549 1054 ύ
557 986 677 1071 ἀνδρες
685 985 870 1076 Ἀθηναῖοι,
890 989 1017 1075 μηδένα
1027 984 1074 1054 εἰ·

121 1114 178 1155 ναι
186 1092 395 1173 τριηραρχίας
406 1085 506 1171 ἀτελῆ
516 1083 703 1175 διήρηκενὸ
722 1087 823 1172 νόμος
840 1088 927 1173 πλήν
940 1088 1074 1153 τοῖνέν-

121 1191 180 1253 νέα
191 1182 372 1270 ἀρχόντων.
396 1182 524 1252 ούκοῦν
541 1191 576 1252 οἰ
591 1186 653 1270 μέν
663 1184 786 1252 ἐλάττω
803 1186 997 1272 κεκτημένοι
1013 1190 1074 1251 τοῦ

121 1290 330 1369 τριηραρχίας
348 1280 406 1362 ἀξί
425 1287 512 1368 ἒχειν
529 1289 567 1350 έν
581 1297 651 1361 ταῖς
670 1288 839 1368 εἰσφοραῖς
855 1289 1074 1350 συντελοῦσιν

122 1388 168 1461 εἰς
184 1380 243 1450 τὸν
255 1381 419 1468 πόλεμον,
441 1385 476 1448 οἰ
491 1379 524 1449 δ’
536 1383 773 1468 ἐφικνούμενοι
789 1389 850 1449 τού
866 1393 1074 1466 τριηραρχεῖν

121 1485 168 1556 εἰς
177 1477 333 1564 ἀμφότερ’
342 1475 422 1563 ύμῖν
434 1476 619 1562 ὑπάρξουσι
629 1481 854 1566 χρήσιμοι,καί
865 1491 1074 1564 τριηραρχεῖν

121 1579 176 1645 καὶ
188 1579 363 1661 εἰσφέρειν.
391 1583 466 1643 τίνα
477 1569 540 1645 ούν
552 1578 728 1666 ῥαστώνην
744 1593 813 1657 τοῖς
829 1587 963 1656 πολλοῖς
973 1575 991 1645 ὁ
1003 1576 1071 1662 σὸς,

122 1669 149 1742 ὦ
165 1681 327 1759 Λεπτίνη,
349 1689 438 1742 ποιεῖ
453 1674 572 1760 νόμος,
596 1681 627 1743 εἰ
640 1683 717 1761 μιᾶς
732 1672 862 1762 ήδυοῖν
877 1684 1003 1760 φυλαῖν
1014 1676 1074 1741 ἕνα

120 1771 266 1859 χορηγόν
286 1782 499 1859 καθίστησιν,
522 1770 559 1852 δς
578 1771 654 1840 ἀνθ’
667 1775 741 1852 ένδς
760 1772 864 1842 ἀλλον
880 1769 974 1839 τοῦθ’
985 1770 1073 1850 ἀπαξ

122 1872 262 1959 ποιήσας
283 1870 517 1951 ἀπαλλάξεται;
543 1871 607 1955 ε’χώ
630 1873 691 1957 μέν
712 1869 773 1957 ούχ
795 1870 872 1954 ὁρῶ.
905 1877 964 1958 τῆς
986 1867 1069 1955 δέχ’

121 1969 280 2056 αἰσχύνης
290 1968 373 2056 ὅλην
384 1969 612 2056 ἀναπίμπλησι
621 1968 683 2056 τήν
693 1970 791 2038 πόλιν
808 1970 932 2056 καὶτῆς
942 1965 1071 2034 ἀπιστί-
1082 1979 1123 2035 461

109 2095 168 2146 ας.
203 2067 331 2136 ούκουν
347 2067 402 2135 ὅτε
420 2076 532 2154 πολλῷ
548 2073 680 2154 μειζονα
690 2069 890 2155 βλάψειτολν
902 2065 1072 2153 ύφελειιύν

122 2157 169 2233 ὧν
179 2170 253 2252 ἔχει,
265 2165 426 2252 προσήκει
436 2167 598 2234 λελύσθαι
615 2166 704 2251 παρὰ
715 2166 819 2235 τοῖσδῗ
833 2164 953 2247 αύτόν;
978 2162 1070 2251 ἔγωγ’

27 2266 30 2273 ’
119 2259 163 2333 ἀν
174 2271 285 2351 φαίην.

77 2383 112 2436 29
196 2363 268 2432 Ἔτι
279 2363 324 2451 δ’,
347 2358 506 2449 ύάνδρες
517 2369 685 2451 δικασταὶ,
707 2364 761 2433 διά
778 2365 815 2435 τδ
832 2365 1073 2451 χεχράφδαιέν

121 2470 168 2548 τῷ
178 2460 270 2549 νόμω
285 2462 469 2546 διαρρήδην
487 2461 594 2528 αύτού
610 2467 737 2547 μηδένα
756 2464 837 2548 μήτε
848 2471 917 2528 τῶν
927 2469 1074 2528 πολιτῶν

120 2557 203 2644 μήτε
220 2565 289 2624 τοῖν
305 2562 463 2625 ἰσοτελῶν
479 2558 560 2643 μήτε
576 2564 646 2625 τόν
664 2562 768 2637 ξένων
785 2557 870 2625 εἰναι
886 2556 1002 2639 ἀτελῆ,
1027 2557 1072 2641 μή

120 2661 301 2743 διηρήσδαι
318 2654 353 2722 δέ
371 2652 453 2721 ὅτου
463 2653 579 2749 η’τελή,
600 2650 786 2742 χορηγίαςή
802 2660 892 2730 τίνος
902 2651 1008 2719 ἀλλον
1018 2657 1072 2719 τέ-

119 2763 210 2839 λους,
218 2750 286 2822 ἀλλ’
296 2750 408 2832 διπλοῖς
418 2750 517 2838 ἀτελή
527 2757 652 2840 μηδένα
658 2751 747 2839 πλήν
756 2758 825 2820 τῶν
831 2749 887 2837 ἀφ’
894 2748 1072 2836 Ἁρμοδίου

121 2853 176 2919 καὶ
182 2848 478 2937 Ἀριστογείτονος,
495 2846 551 2919 καὶ
562 2855 599 2920 ἐν
609 2853 671 2938 μέν
681 2859 728 2941 τῷ
738 2853 863 2938 μηδένα
875 2848 1001 2927 πάντας
1011 2874 1072 2916 πε-

121 2950 339 3036 ριλαμβάνειν
349 2947 429 3027 τούς
439 2948 578 3034 ἀλλους,
600 2954 638 3017 έν
647 2950 683 3018 δέ
693 2958 741 3040 τῷ
750 2957 819 3018 τῶν
829 2951 934 3029 ξένων
943 2944 987 3033 μή
1001 2952 1073 3015 διο-

122 3053 223 3132 ρίζειν
232 3055 300 3114 τῶν
312 3048 497 3117 οἰκούντων
505 3047 694 3136 Ἀθήνησιν,
713 3048 900 3135 ἀφαιρεῖται
916 3049 972 3114 καί
983 3044 1073 3114 Λεύ-

121 3170 214 3213 κωνα
230 3141 290 3211 τόν
306 3142 451 3232 ἀρχοντα
466 3147 644 3233 Βοσπόρου
660 3148 810 3226 καὶτοὺς
826 3151 945 3223 παῖδας
966 3143 1073 3211 αύτού

78 3243 185 3330 λυτήν
196 3242 327 3327 δωρεὰν
335 3240 379 3330 ήν
390 3241 483 3331 ὑμεῖς
495 3245 581 3313 ἔδοτ’
595 3244 716 3324 αὐτοῖς.
750 3251 819 3313 ἔστι
836 3243 901 3329 χάρ
913 3246 1001 3328 γένει
1012 3242 1073 3328 μέν

122 3342 233 3430 δήπου
245 3338 264 3408 δ
278 3341 420 3411 Λεύκων
431 3346 533 3429 ξένος,
545 3352 587 3431 τῇ
599 3344 635 3412 δὲ
646 3343 720 3428 παρ’
731 3339 828 3428 ὑμῶν
838 3341 969 3428 ποιήσει
980 3346 1076 3406 πολί-

122 3467 193 3526 της·
216 3440 288 3510 κατ’
303 3439 481 3526 οὐδέτερον
491 3442 524 3511 δ’
536 3442 627 3534 αὐτῷ
637 3442 698 3530 τήν
708 3441 859 3510 ἀτέλειαν
869 3437 929 3507 ἔστ’
944 3445 1029 3524 ἔχειν
1041 3440 1079 3505 έκ
