2370 3854
121 157 184 224 416
324 158 432 216 XXXV,
455 154 874 215 ΔΗΜΟΣΘΕΝΟΤΣ

77 331 114 386 44
205 322 316 402 Χωρίς
326 317 362 386 δὲ
372 316 512 398 τούτων,
525 315 606 400 φέρε
618 311 702 396 πρὸς
714 320 783 380 τών
796 320 900 398 θεῶν,
916 303 945 383 ώ
953 311 1077 397 ἄνδρες

124 409 1115 503 δικασταί,εἰτοόναντίονσυνεβεβήκει,μήότοότονάδελ-με

124 517 188 605 φδς
197 515 216 587 ό
226 516 464 603 τετελευτηκώς
476 514 546 599 ἐμοὶ
559 509 681 596 ώφειλε
691 508 731 577 τά
743 510 909 597 χρήματα,
926 508 995 578 ἄλλ’
1008 509 1076 596 ἐγώ
1113 544 1115 549 ⁴

122 627 169 710 τῷ
184 619 307 687 τούτου
326 607 530 699 τάλαντονῆ
553 608 760 696 ὀγδοήκοντα
781 616 866 695 μνᾶς
885 606 907 695 ἢ
928 611 1031 678 πλέον
1051 605 1076 696 ἢ

122 724 266 804 ἔλαττον,
279 711 330 800 ἆρ’
342 712 386 784 άν
397 723 510 784 οίεσθε
520 711 688 795 Λάκριτον
698 710 840 792 τουτονὶ,
854 701 881 775 ώ
892 706 1012 791 άνδρες
1024 713 1075 776 δι-

122 817 255 900 κασταὶ,
271 813 351 892 τούς
367 810 490 888 αότοός
503 809 625 894 λόγους
634 810 743 893 λέγειν
753 801 869 890 οἷσπερ
881 809 959 876 νννί
971 834 1075 875 κατα-

121 917 290 998 κέχρηται,
311 907 487 996 ἣφάσκειν
500 903 605 972 αὐτόν
616 903 678 973 οὐκ
696 904 781 973 εἰναι
796 905 1007 992 κληρονόμον
1018 909 1074 975 καλ

121 1010 326 1095 ἀφίστασθαι
336 1013 404 1074 τών
412 1012 474 1073 τοῦ
484 1003 645 1089 άδελφοῦ,
655 1007 708 1072 καί
718 1001 779 1071 οὐκ
789 1001 832 1071 άν
843 1005 934 1072 πάνυ
945 1012 1074 1090 πικράς

121 1106 325 1191 εἰσπράττειν
336 1131 387 1190 με,
400 1102 512 1188 ώσπερ
523 1105 579 1171 καί
590 1101 679 1189 παρά
692 1110 762 1170 τών
772 1102 883 1171 ἄλλων
893 1106 1075 1190 εἰσπέπρα-

121 1233 210 1289 κται,
232 1214 266 1273 εἰ
277 1211 326 1284 τίς
341 1230 373 1271 τι
389 1206 504 1292 ἐκείνω
525 1210 572 1292 τῷ
588 1203 832 1289 τετελευτηκότι
848 1203 991 1288 ώφειλεν
1001 1199 1025 1290 ἦ
1035 1207 1074 1272 ἐν

76 1320 110 1374 45
120 1305 281 1393 Φασήλιδι
290 1299 313 1391 ἢ
323 1301 448 1371 άλλοθί
455 1327 536 1381 πον;
559 1306 614 1369 καί
626 1311 659 1370 εἰ
666 1329 715 1381 τις
725 1298 819 1388 ἡμων
828 1302 966 1389 φεύγων
974 1306 1074 1391 δίκην

119 1403 185 1475 ὑπὸ
207 1403 330 1473 τούτου
350 1399 576 1488 παραγραφὴν
598 1402 755 1488 ἐτόλμησε
776 1402 1071 1490 παραγράφεσθαι,

119 1501 163 1590 μὴ
176 1501 398 1587 εἰσαγώγιμον
409 1499 493 1568 εἰναι
503 1498 566 1586 τὴν
576 1504 691 1587 δίκην,
703 1493 742 1567 εὖ
753 1498 817 1568 οἶδ’
831 1499 882 1568 ότι
892 1501 1074 1588 ἠγανάκτει

120 1599 164 1671 άν
185 1599 285 1680 αὐτὸς
306 1602 362 1668 ανδ
385 1603 562 1685 ἐσχετλίαζε
582 1597 790 1686 πρός,δμάς,
814 1599 906 1668 δεινά
928 1601 1073 1687 φάσκων

119 1702 255 1788 πάσχειν
265 1703 321 1770 καὶ
333 1709 615 1787 παρανομεῖσθαι,
635 1705 666 1767 εἰ
680 1698 725 1786 μή
741 1724 790 1777 τις
801 1696 891 1789 αὐτῷ
901 1697 964 1787 τὴν
973 1703 1073 1786 δίκην

118 1814 286 1887 ψηφιείται
298 1800 519 1885 εἰσαγώγιμον
530 1797 630 1883 εἶναι,
643 1796 826 1883 ἐμπορικὴν
843 1791 958 1866 οὖσαν.
980 1803 1073 1867 ἔπει-

118 1924 173 1982 τα,
187 1890 379 1982 ώΑάκριτε,
392 1899 445 1964 σοὶ
457 1899 518 1981 μὲν
530 1905 629 1964 τοῦτο
640 1901 770 1964 δίκαιον
782 1903 875 1966 δοκεῖ
883 1897 984 1983 εἰναι,
997 1901 1073 1986 ἐμοὶ

120 1995 155 2064 δὲ
172 1992 225 2062 διά
243 2002 278 2063 τί
291 1993 354 2063 οὐκ
370 1999 474 2073 Sozam
500 1991 562 2080 οὐχ
577 1993 702 2061 άπασιν
718 1992 797 2082 ἡμῖν
811 2001 845 2064 οί
860 1995 954 2065 αὐτοὶ
971 1998 1073 2086 νόμοι

117 2097 340 2181 γεγραμμένοι
360 2096 423 2163 εἰσὶ
439 2097 494 2162 καί
512 2093 548 2162 τό
562 2092 646 2162 αὐτὸ
657 2099 786 2163 δίκαιον
803 2098 876 2179 περὶ
887 2104 956 2164 τών
967 2099 1073 2182 ἐμπο-

76 2204 223 2279 εσρικών
241 2198 359 2274 δικῶν;
382 2191 451 2263 ἄλλ’
467 2193 556 2263 οὕτω
573 2193 735 2283 βδελυρός
749 2201 797 2274 τίς
815 2198 883 2264 ἐστι
899 2197 953 2262 καί
964 2192 1073 2280 ὑπερ-

117 2295 253 2380 βάλλων
269 2292 416 2372 άπαντας
433 2292 638 2376 άνθρώπονς
656 2302 701 2386 τῷ
713 2293 859 2381 πονηρός
888 2289 972 2361 εἰναι
992 2293 1072 2362 ώστ’

119 2396 270 2478 ἐπιχειρεῖ
294 2401 424 2460 πείθειν
447 2390 533 2478 ὑμᾶς
550 2401 762 2478 ψηφίσασθαι
782 2391 827 2478 μὴ
846 2393 1071 2479 εἰσαγώγιμον

119 2489 203 2557 εἰναι
213 2485 276 2575 τὴν
287 2487 470 2576 ἐμπορικὴν
482 2494 577 2577 δίκην
586 2492 740 2579 ταυτηνὶ,
759 2490 960 2571 δικαζόντων
971 2488 1071 2577 ὑμών

117 2591 194 2657 νννί
204 2586 262 2665 τάς
273 2587 453 2674 ἐμπορικὰς
465 2594 565 2668 δίκας.
592 2587 675 2658 άλλόι
686 2597 721 2658 τί
730 2589 891 2671 κελεύεις,
906 2580 1074 2673 ώΛάκρι-

117 2714 169 2765 τε;
191 2684 235 2772 μὴ
254 2687 373 2756 ίκανόν
392 2687 475 2756 εἰναι
493 2685 577 2773 ἡμεῖς
594 2688 849 2770 άποστερείσθοιι
865 2685 888 2753 δι’
898 2689 1073 2758 ἐδανείσα-

117 2810 180 2871 μεν
191 2783 340 2870 χρήματα
351 2783 441 2871 ὑμῖν,
454 2783 539 2853 άλλά
550 2789 605 2855 καί
616 2793 662 2865 εἰς
671 2787 709 2855 τό
723 2787 949 2874 δεσμωτήριον
960 2811 1072 2873 παρα-

118 2887 262 2970 δοθῆναι
272 2878 329 2968 ὑφ’
341 2879 439 2968 ὑμῶν
449 2884 702 2969 προσοφλόντας
711 2881 752 2952 τά
770 2886 929 2972 ἐπιτίμια,
952 2884 1013 2954 ἐὰν
1023 2885 1070 2973 μὴ

75 2985 311 3067 εἰέκτίνωμενς
333 2983 389 3050 καὶ
411 2989 481 3062 πώς
503 2979 566 3050 οόκ
587 2978 631 3050 ἂν
649 2980 762 3051 δεινόν
780 2992 830 3070 εἰη
848 2986 903 3052 καὶ
919 2986 1070 3069 σχέτλιον

116 3085 170 3150 καὶ
181 3078 317 3166 αἰσχρόν
324 3078 415 3168 ὑμῖν,
429 3072 586 3166 ώάνδρες
599 3085 758 3168 δικασταὶ,
771 3087 845 3151 εἰσί
858 3089 1068 3164 δανείσαντες
1076 3104 1115 3164 94

114 3184 152 3248 ἑν
166 3189 214 3271 τῷ
224 3183 369 3270 ἐμπορίῳ
380 3189 427 3272 τῷ
437 3178 585 3272 ὑμετέρῳ
602 3182 751 3268 χρήματα
765 3179 903 3250 ναυτικά
915 3182 971 3250 καλ
981 3178 1067 3249 άπο-

114 3281 331 3366 στερούμενοι
346 3278 413 3349 ὑπὸ
429 3289 499 3349 τών
510 3283 759 3368 δανεισαμένων
771 3283 826 3349 καὶ
837 3278 1067 3364 άποστεροόν-

113 3401 179 3442 των
204 3376 387 3464 ἀπάγοιντο
412 3385 459 3459 εἰς
475 3407 512 3448 το
537 3381 777 3466 δεσμωτήριονς
799 3375 888 3447 ταῦτ’
906 3379 1013 3458 ἐστὶν,
1037 3373 1066 3447 ω’
