2370 3854
329 227 472 287 ΠΡΟΣ
493 225 746 288 ONHTOPA
767 233 806 288 A.
982 229 1045 294 353

66 413 130 473 ςμε
148 385 184 455 ἐκ
201 385 323 471 ταύτης
338 392 396 471 τής
413 391 490 470 γῆς,
515 383 759 471 προϊστάμενον
778 383 813 454 δ’
831 388 885 457 ἐπ’
903 388 1046 460 ἀποστε-

90 486 184 572 ρήσει
194 495 262 554 τῶν
272 487 362 571 ἐμιόν
371 482 517 570 Ἀφόβου
530 486 585 550 καὶ
595 484 735 564 τούτους
745 483 954 573 ὑπομένοντα
966 488 1045 571 τούς

89 584 238 670 ἀγῶνας,
257 582 347 651 ούτω
359 582 513 669 μεγάλοις
522 590 709 669 τεκμηρίοις
719 585 775 653 καὶ
785 601 942 670 φανεροῖς
952 591 1045 674 ἐλέγ-

89 709 158 769 χοις
178 680 267 750 ὥσθ’
280 679 368 766 ὑμᾶς
385 679 534 758 ἅπαντας
550 689 700 749 εἴσεσθαι
712 690 828 770 σαφῶς
845 683 897 752 ὅτι
911 692 1044 767 δικαίως

89 782 144 848 καὶ
159 779 395 865 προσηκόντως
408 771 507 858 οὗτος
524 779 641 865 φεύγει
658 781 783 868 ταύτην
804 780 863 850 ἀπ’
883 786 965 870 ἐμοῦ
982 784 1043 871 τήν

90 883 195 965 δίκην.
218 878 304 948 ὅθεν
314 880 350 947 δὲ
364 880 468 968 ῥᾷστα
482 879 681 967 μαθήσεσθε
693 882 768 967 περὶ
779 879 907 969 αὐτῶν,
930 885 1044 950 ἐντεῦ-

88 987 153 1046 θεν
164 975 250 1065 ἀμάς
260 980 317 1047 καὶ
327 977 392 1062 ἐγώ
404 983 537 1064 πρῶτον
548 979 747 1066 πειράσομαι
758 979 937 1048 διδάσκειν.

63 1100 79 1152 6
170 1073 250 1162 Ἐγιδ
266 1074 349 1164 γάρ,
364 1067 523 1160 ἀάνδρες
533 1079 699 1163 δικασταὶ,
714 1079 858 1157 πολλούς
872 1105 907 1146 τε
922 1078 1044 1159 ἀλλους

85 1172 276 1262 Ἀθηναίων
284 1177 341 1244 καὶ
362 1182 483 1243 τούτου
498 1171 561 1240 ούκ
579 1175 771 1242 ἐλάνθανον
788 1183 898 1254 κακῶς
913 1180 1044 1262 ἐπιτρο-

89 1275 282 1361 πευόμενος,
291 1271 360 1342 ἀλλ’
368 1265 412 1358 ήν
418 1267 612 1356 καταφανής
622 1269 729 1349 εὐθὺς
741 1270 974 1359 ἀδικούμενος·
987 1301 1044 1342 το-

90 1379 208 1439 σαῦται
222 1383 439 1456 πραγματεῖαι
450 1369 506 1436 καὶ
516 1368 610 1453 λόγοι
620 1371 675 1437 καὶ
686 1368 775 1452 παρά
786 1375 832 1458 τβ
844 1366 977 1455 ἀρχοντι
989 1375 1044 1440 καὶ

89 1467 178 1551 παρὰ
191 1481 258 1545 τοῖς
271 1464 383 1546 ἀλλοις
396 1468 565 1552 ἐγίγνοντο
580 1464 665 1551 ὑπὲρ
676 1475 745 1534 τῶν
758 1470 856 1553 ἐμῶν.
877 1467 916 1534 τό
929 1495 965 1536 τε
978 1469 1043 1554 γάρ

91 1573 223 1652 πλῆθος
247 1574 317 1634 τοῖν
344 1569 638 1652 καταλειφθέντων
660 1558 705 1652 ήν
729 1563 895 1652 φανερόν,
934 1564 984 1634 ότι
1009 1566 1039 1634 τ’

88 1663 283 1751 ἀμίσθωτον
302 1663 364 1733 τόν
378 1663 472 1733 οἷκον
494 1668 633 1733 ἐποίουν
656 1669 690 1732 oc
709 1668 972 1752 διαχειρίζοντες,
993 1663 1034 1733 ἵν’

88 1762 183 1832 αὐτοὶ
197 1762 237 1830 τά
256 1763 405 1850 χρήματα
421 1777 622 1850 καρποῖντο,
648 1762 710 1832 ούκ
729 1764 855 1850 ἀδηλον
872 1758 925 1851 ήν.
959 1763 1041 1833 ὥστ’

87 1865 124 1929 ἐκ
135 1869 203 1929 τιόυ
212 1865 420 1949 γιγνομένων
431 1860 493 1930 οὐκ
504 1858 573 1930 ἐσθ’
587 1860 677 1943 ὅστις
688 1862 748 1950 οόχ
759 1860 946 1950 ήγεῑτοτωυ
957 1865 1045 1932 εἰδό-

87 1986 155 2026 των
172 1963 270 2046 δίκην
286 1986 327 2047 με
345 1961 512 2046 λήψεσθαι
531 1959 611 2046 παρ’
630 1961 757 2048 αὐτῶν,
784 1962 896 2049 ἐπειδή
916 1960 1041 2049 τάχιστ’

64 2055 174 2144 γάυήρ
187 2058 271 2126 εἶναι
289 2063 537 2146 δοκιμασθείην.
570 2063 607 2128 ἐν
626 2056 675 2139 οἷς
692 2064 747 2127 καὶ
765 2060 969 2146 Τιμοκράτης
989 2064 1044 2127 καὶ

85 2157 229 2275 Ονήτωρ
243 2157 368 2242 ταύτην
379 2163 506 2242 ἔχοντες
528 2155 758 2224 διετέλεσαν
723 2182 783 2275 την
795 2158 955 2224 διάνοιαν.
990 2182 1044 2223 τε-

88 2256 231 2339 κμήριον
241 2253 277 2320 δέ
287 2253 423 2321 πάντων
434 2257 596 2340 μέγιστου
612 2246 710 2331 ούτος
722 2253 786 2337 γάρ
801 2255 1044 2384 ἐβουλήθημέυ

85 2352 218 2438 Ἀφόβφ
232 2350 398 2418 δοῦναι
362 2377 425 2436 την
438 2348 605 2436 ἀδελφήν,
627 2349 719 2436 ὁρωυ
730 2378 789 2437 της
805 2358 838 2418 τ
852 2348 958 2418 αὐτοῦ
979 2378 1043 2420 πα-

91 2449 200 2539 τρφόας
214 2447 329 2528 οὐσίαις
347 2450 403 2517 καλ
422 2458 480 2536 τῆς
494 2453 573 2535 ἐμής
587 2446 650 2518 οόκ
669 2446 783 2537 ὀλίγης
804 2448 907 2518 αότόν
925 2453 1045 2536 κύριοι

91 2551 329 2634 γεγενημένου,
344 2552 508 2631 προέσθαι
522 2545 605 2617 δέ
569 2575 633 2635 την
641 2547 753 2634 προῖκ’
767 2547 828 2617 οόκ
842 2553 898 2618 ἐπί
883 2557 1043 2635 ίστευσεν,
1052 2581 1104 2638 86η

91 2647 203 2732 άσπερ
219 2651 249 2714 εί
261 2641 301 2713 τά
313 2653 382 2712 τοῖν
396 2648 685 2731 ἐπιτροπευόντων
696 2647 844 2735 χρήματα
856 2646 1043 2735 ἀποτίμημα

89 2760 157 2824 τοις
167 2747 476 2830 ἐπιτροπευομένοις
486 2747 692 2814 καθεστάναι
703 2752 852 2833 νομιζων
881 2744 965 2813 ἀλλά
983 2744 1044 2832 τήν

89 2844 152 2929 μὲν
163 2840 313 2927 ἀδελφήν
324 2847 443 2930 ἐδωκε,
466 2841 529 2930 τήν
546 2844 582 2914 δέ
599 2842 709 2928 προῖκ’
734 2842 823 2934 αότςο
809 2845 1045 2929 Τιμοκράτης

90 2943 142 3009 ἐπὶ
153 2937 245 3006 πέντ’
260 2937 391 3025 όβολολς
402 2939 594 3028 ὀφειλήσειν
605 2940 853 3029 ὡμολόγησεν,
842 2933 871 3007 ά
881 2941 1044 3024 πρότερον

64 3036 109 3125 ςή
129 3037 214 3125 γυνή
232 3046 435 3107 συνοικουσα
452 3040 639 3126 ἐτύγχανεν.
672 3037 836 3123 όφλόντος
855 3040 893 3103 δέ
910 3061 966 3120 μοι
981 3046 1043 3120 την

92 3142 188 3223 δίκην
197 3133 393 3221 Ἀφόβου
353 3161 410 3223 της
420 3138 597 3222 ἐπιτροπῆς
614 3138 669 3204 καὶ
686 3134 786 3203 οὐδὲν
796 3137 926 3201 δίκαιον
937 3145 1043 3200 ποιειν

91 3239 281 3319 ἐθέλοντος,
300 3234 449 3303 διαλύειν
459 3236 521 3320 μὲν
531 3232 616 3320 ήμάς
625 3231 768 3318 Ὀνήτωρ
785 3227 859 3298 οὐδ’
875 3232 1043 3315 ἐπεχείρη-

92 3357 168 3420 σευ,
190 3329 252 3400 ούκ
266 3327 485 3411 ἀποδεδωκώς
502 3333 538 3402 δέ
555 3330 618 3420 τήν
634 3344 766 3416 προῖκα,
779 3327 851 3397 ἀλλ’
863 3325 963 3406 αάτδς
979 3330 1044 3397 κύ·

94 3460 164 3522 ριος
175 3427 233 3517 ἀν,
247 3428 291 3510 οἱς
302 3427 556 3510 ἀπολελοιπυίας
566 3439 624 3517 τής
636 3429 782 3516 ἀδελφής
791 3428 845 3496 καὶ
857 3425 1053 3512 δοάςκορί·

136 3526 271 3580 Demosth.
294 3525 353 3579 vol.
371 3526 407 3578 Π.
813 3526 855 3577 ‘B
