2370 3854
358 186 778 274 KATA'MEJAJOY.
1005 209 1048 272 τι

94 377 236 451 Μειδίας
244 379 368 460 ἔρημον
377 364 469 456 ὦφλε
477 367 748 456 δίκην,διπάνταν
757 369 971 457 ἀπεστέρηται
979 377 1047 438 τῶν

95 477 132 540 ἐν
143 480 184 560 τῆ
194 471 288 539 πόλει
298 471 354 539 καλ
364 469 520 550 καθάπαξ
531 468 646 554 ἀτιμος
654 471 843 554 γέγονε,καλ
852 467 927 536 οὔτε
936 477 1047 554 λαχεῖν

96 570 298 656 ἀδικηθέντα
309 567 387 637 οὔτε
398 567 566 653 διαιτητὴν
576 570 733 652 γενέσθαι
743 572 867 654 Μειδία
880 566 953 636 οὔθ’
962 567 1048 647 ὅλας

50 684 87 739 88
96 668 157 754 τῆν
169 665 275 753 αὐτὴν
286 663 367 734 ὁδὸν
377 669 532 753 βαδίζειν,
544 661 589 743 ὡς
600 670 717 751 ἔοικεν,
728 662 795 733 ἔστ’
812 663 966 751 ἀσφαλές.
999 672 1052 734 δεῖ

96 762 136 852 δὴ
149 772 246 833 τοῦτο
259 761 297 833 τὸ
309 771 444 850 πρᾶγμα
454 761 540 850 ὑμεῖς
551 759 673 830 οὑτωσὶ
683 765 881 848 σκέψασθαι,
890 767 944 832 καί
956 773 1048 849 λογί-

96 858 334 932 σασθαιτίποί
343 859 585 945 ἕστλνδπαθάν
591 866 733 942 Μειδίας
742 862 848 942 οὕτως
857 861 1048 951 ἀμδντηλι-

96 962 223 1048 ναύτην
244 959 464 1047 ἐπεβούλευσε
485 966 600 1046 λαβεῖν
620 967 689 1027 τῶν
704 965 948 1048 πεπραγμένων
965 959 1043 1046 παρ’
1056 970 1109 1024 543

96 1057 219 1188 ἀνδρὸς
230 1065 366 1127 πολίτου
377 1061 490 1144 δίκην,
511 1052 576 1126 κάν
586 1051 681 1142 μὲν
658 1083 679 1144 η
689 1085 719 1125 τι
731 1056 878 1127 δεινόν’
856 1087 900 1139 ως
912 1055 1047 1144 ἀληθῶς

96 1161 151 1226 και
161 1183 347 1242 νπερφυες,
371 1154 573 1242 σνγγνωμην
583 1161 684 1241 ἔχειν,
707 1155 766 1223 ἐαν
777 1156 812 1223 δὲ
821 1155 943 1245 μηδεν
961 1154 1047 1225 θεά-

96 1266 203 1323 σασθε
213 1281 274 1341 την
285 1253 458 1339 ασέλγειαν
468 1252 597 1338 κοίτην
609 1249 776 1375 ἀμότητα,
797 1246 819 1340 ᾖ
837 1253 920 1323 καθ’
938 1252 1047 1322 ἀπάν-

95 1382 163 1422 των
174 1360 290 1439 χρῆται
300 1358 368 1419 τῶν
379 1351 657 1435 ἐντυγχανόντων
686 1358 720 1418 τί
730 1377 795 1418 ουν
805 1350 913 1419 ἔσθ’“
893 1379 911 1418 ο
923 1377 1048 1419 πεπον

95 1463 176 1531 θεν;
199 1451 347 1536 μεγάλην
359 1476 399 1534 νη
390 1446 468 1516 Δί’
483 1441 620 1533 ωφλεί
586 1452 620 1517 δί
618 1475 699 1534 κην,
721 1451 776 1516 καὶ
786 1449 953 1535 τοσαύτην
966 1446 1044 1517 ὥστ’

51 1572 87 1626 89
96 1550 353 1632 ἀποστερεῖσθαι
368 1556 436 1615 τείν
451 1545 574 1615 ὅντων·
596 1545 680 1615 ἀλλά
696 1544 839 1632 χιλίων
821 1574 842 1634 η
854 1550 928 1633 δίκη
939 1548 1048 1632 μόνον

96 1642 141 1734 ῆν
153 1653 318 1736 δραχμῶν.
358 1645 449 1713 πάνυ
463 1671 517 1730 γε,
539 1642 622 1713 ἀλλά
635 1644 942 1729 δάκνεικαδτουτο,
965 1651 1046 1730 φαίη

95 1772 144 1824 τις
159 1740 218 1831 ἀν,
242 1742 324 1811 ὅταν
341 1746 480 1812 ἐκτίνειν
497 1741 619 1823 ἀδίκως
629 1746 703 1831 δέη,
726 1747 850 1830 συνέβη
869 1747 905 1812 δὲ
920 1741 1047 1830 ὑπερη-

95 1846 184 1932 μέριμ
196 1844 363 1930 γενομένῳ
373 1849 493 1910 λαθεῖν
503 1839 594 1932 αὐτῷ
606 1840 660 1910 διά
670 1844 707 1910 τδ
726 1840 936 1929 ἀδικηθῆναι.
970 1840 1045 1910 ἀλλ’

95 1940 290 2029 αὐθημερὸν
299 1940 359 2027 μὲν
369 1939 510 2030 ᾔσθετο,
527 1938 611 2010 δκαλ
621 1940 777 2028 με’γιστόν
790 1943 857 2008 ἐστι
868 1941 1049 2027 τεκμήριον

94 2049 157 2109 τοῦ
166 2039 470 2128 μηδδνῆδικηκέναι
480 2037 541 2107 τδν
551 2040 750 2127 ἄνθρωπον,
774 2037 923 2128 δραχμῆν
940 2039 972 2105 δ’
985 2037 1045 2106 οὐ·

51 2159 88 2213 90
96 2141 183 2207 δέπα
195 2146 274 2224 μίαν
285 2143 456 2208 ἐκτέτικεν.
479 2136 563 2206 ἀλλά
573 2139 619 2225 μῆ
630 2163 682 2206 πυ
692 2147 800 2208 τοῦτο.
833 2135 916 2205 ἀλλά
928 2134 989 2221 τῆν
999 2134 1043 2221 μῆ

95 2231 203 2304 οὖσαν
218 2234 403 2322 ἀντιλαχεῖν
418 2234 511 2323 αὐτῷ
526 2241 603 2322 ἐξῆν
622 2238 746 2324 δῆπου,
767 2241 822 2305 καί
839 2234 922 2319 πρὸς
935 2235 991 2320 ἐμὲ
1007 2233 1043 2302 τδ

94 2341 229 2420 πρᾶγμα
250 2333 537 2418 καταστήσασθαι,
561 2333 644 2415 πρὸς
668 2333 771 2420 ὅνπερ
792 2338 825 2413 ἐξ
847 2332 949 2419 ἀρχῆς
964 2327 1045 2418 ῆνῆ

95 2436 178 2518 δίκη.
212 2427 284 2498 ἀλλ’
297 2428 359 2498 οὐκ
376 2431 540 2518 ἐβούλετο.
569 2430 644 2499 ἀλλ’
656 2437 711 2500 ἵνα
722 2432 766 2520 μῆ
778 2437 920 2511 Μειδίας
930 2431 1047 2517 ἀτίμη-

95 2632 187 2715 δέον,
199 2633 256 2696 καλ
267 2634 297 2696 εί
304 2628 365 2715 μὲν
377 2627 524 2716 ῆδίκηκε,
537 2634 634 2715 δίκην
647 2634 704 2720 δῷ,
719 2636 750 2699 εί
759 2635 794 2698 δὲ
804 2628 861 2718 μῆ,
874 2627 1043 2715 ἀποφύγῃ,

93 2726 211 2813 ἄτιμον
222 2724 410 2811 Ἀθηναίων
431 2726 491 2793 ἕνα
511 2725 596 2795 εἶναι
613 2729 734 2795 δεῖκαὶ
751 2727 832 2815 μῆτε
848 2726 1046 2811 συγγνώμης

92 2824 174 2913 μῆτε
186 2824 290 2909 λόγου
301 2824 382 2912 μῆτε
392 2828 563 2904 ἐπιεικείας
574 2829 733 2912 μηδεμιᾶς
745 2840 866 2909 τυχεῖν,
879 2821 901 2891 δι’
912 2826 1046 2902 καὶτοῖς

47 2945 82 2999 91
92 2924 197 3003 ὄντας
208 2922 382 2991 ἀδικοῦσιν
393 2921 522 2992 ἅπανθ’
534 2921 684 3011 ὑπάρχει.
719 2921 793 2990 ἀλλ’
806 2921 917 3008 ἐπειδή
927 2948 965 3007 γε
975 2919 1047 3007 ῆτί-

92 3043 204 3112 μωσεν
216 3019 454 3110 δνέβονλῆθη,
477 3023 533 3090 καί
543 3022 635 3090 τοῦτ’
650 3026 847 3108 ἐχαρίσασθε
858 3017 950 3109 αὐτῷ
956 3070 965 3104 ,
989 3020 1043 3084 καλ

92 3122 153 3210 τῆν
164 3119 285 3206 ἀναιδῆ
294 3120 451 3207 γνώμην,
469 3112 606 3210 ᾖταῦτα
617 3134 820 3203 προαιρεῖται
830 3129 953 3199 ποιεῖν,
971 3115 1046 3182 ἐνέ-

92 3231 219 3308 πλησεν
230 3217 351 3305 αὑτοῦ,
363 3216 462 3288 ἐκεῖν’
476 3222 618 3305 ἐποίησε,
629 3218 692 3305 τῆν
702 3221 881 3298 καταδίκην
892 3214 1044 3298 ἐκτέτικε,

92 3319 137 3388 δι’
156 3317 200 3408 ῆν
217 3318 278 3389 τδν
296 3317 480 3406 ἄνθρωπον
496 3315 684 3398 ἀπάλεσεν;
708 3312 786 3383 οὐδὲ
802 3318 948 3399 χαλκοῦν
965 3308 1048 3378 οάδί

92 3445 145 3488 πω
163 3421 218 3491 καί
234 3419 396 3509 τῆμερον,
417 3413 501 3486 ἀλλά
518 3421 615 3504 δίκην
631 3415 767 3500 ἐξούλης
783 3408 940 3498 ὑπομένει
960 3408 1046 3496 wed-
