2370 3854
357 201 500 262 ΠΡΟΣ
516 201 813 264 ΛΕΠΤΙΝΗΝ.
1020 202 1061 266 27

106 360 228 444 νεύειν,
241 366 392 447 παρεῖδε,
404 361 460 428 καὶ
470 368 598 446 μάλλον
607 362 711 427 είλετο
723 356 840 447 μήζήν
850 357 872 448 ἦ
883 369 1061 449 καταισχῦ-

61 483 161 538 ςςναι
172 457 231 537 τάς
242 456 321 543 παρ’
335 455 432 544 ὑμῶν
441 455 655 544 ὑπαρχούσας
666 455 757 544 αὐτῷ
772 458 875 544 τιμάς.
897 457 964 527 εἶθ’
976 457 1060 545 ὑπὲρ

105 546 155 621 οὑν
176 559 301 635 ἐκεῖνος
323 555 406 645 ᾤετο
428 561 499 624 δεῖν
520 553 751 643 ἀποθνήσκειν
773 551 795 643 ή
817 565 933 642 νικᾶν,
957 555 1058 626 ταῦθ’

102 649 195 738 ἡμεῖς
212 651 417 738 ἀφελώμεθα
432 651 494 721 τὺν
505 653 582 722 υίὸν
593 652 714 736 αὐτοῦς
738 657 793 724 καὶ
803 663 837 722 τί
845 657 1012 743 φήσομεν,
1031 650 1060 725 οὑ

102 749 423 839 ἀνδρεςἏθηναῖοι,
446 751 528 820 ὅταν
543 750 584 819 τά
602 756 663 839 μὲν
679 753 821 840 τρόπαια
839 755 957 844 ἑστήκῃ
976 760 1059 842 δῆλα
1080 836 1095 851 .-

102 855 205 915 πᾶσιν
225 846 435 934 ἀνθρώποις,
459 847 480 917 ά
500 848 584 935 ὑπὲρ
607 849 703 937 ὑμῶν
724 861 918 940 στρατηγῶν
935 857 1059 932 ἐκεῖνος

101 952 227 1033 ἔστησε,
238 954 307 1014 τοῖν
318 945 346 1014 δ
358 950 411 1015 ἐπὶ
419 949 550 1027 τούτοις
561 954 697 1035 δωρεάν
707 947 924 1039 ἀφῃρημένον
936 978 967 1019 τι
978 957 1059 1037 φαί-

100 1070 212 1130 νηται;
226 1044 268 1113 οὑ
279 1049 454 1133 σκέψεσθε,
468 1038 624 1132 οἶάνδρες
633 1046 813 1134 Ἀθηναῖοι,
824 1051 880 1116 καὶ
890 1058 1057 1135 λογιεῖσθε

101 1139 152 1208 ὅτι
162 1151 228 1209 νῦν
240 1141 328 1230 οὑχὸ
342 1145 445 1231 νόμος
454 1151 611 1231 κρίνεται,
624 1145 868 1231 πότερόνέστιν
879 1145 1058 1233 ἐπιτήδειος

99 1234 122 1324 ή
134 1236 191 1327 οὑ,
210 1238 284 1310 ἀλλ’
298 1239 390 1328 ὑμεῖς
401 1244 635 1329 δοκιμάζεσθε,
658 1240 719 1312 είτ’
732 1243 909 1330 ἐπιτήδειοι
920 1243 1058 1328 πάσχειν

99 1340 171 1406 ἐστὲ
182 1330 222 1406 εὑ
233 1335 292 1406 τὸν
303 1337 421 1406 λοιπὸν
431 1339 552 1423 χρόνον
564 1351 627 1407 είτε
643 1342 707 1426 μή;

55 1453 93 1507 84
185 1438 276 1525 Λαβὲ
298 1435 339 1523 δή
360 1440 415 1505 καὶ
438 1435 475 1504 τὰ
493 1446 540 1527 τῷ
555 1445 686 1526 Χαβρία
702 1437 856 1525 ψήφισμα
873 1444 1054 1526 ψηφισθέν.

100 1536 165 1621 ὅρα
176 1534 217 1621 δή
230 1538 285 1603 καλ
298 1535 430 1604 σκόπει·
454 1540 506 1604 δεῖ
512 1534 577 1621 γάρ
589 1531 671 1603 αὑτὺ
684 1533 822 1604 ἐνταῦθ’
836 1535 923 1604 εἶναί
930 1562 1005 1605 πον.

181 1631 261 1719 Ἐγά
279 1630 310 1700 δ’
330 1637 377 1701 ἔτι
393 1630 484 1701 τοῦτ’
504 1641 609 1704 εἰπεῖν
625 1633 709 1718 ὑπὲρ
720 1641 871 1723 Χαβρίου
881 1636 1054 1722 βούλομαι.

98 1731 206 1820 ὑμεῖς,
229 1724 586 1820 άάνδρεςἈθηναῖοι,
606 1737 763 1820 τιμῶντές
780 1758 859 1801 ποτε
868 1733 1054 1821 Ἰφικράτην

98 1829 140 1898 οὑ
150 1832 257 1917 μόνον
268 1829 373 1898 αὑτὸν
383 1830 570 1918 ἐτιμήσατε,
584 1829 666 1899 ἀλλά
677 1832 732 1899 καλ
743 1828 786 1897 δι’
800 1836 930 1898 ἐκεῖνον
939 1831 1053 1918 Στρά-

96 1936 184 2016 βακα
201 1931 256 1996 καὶ
265 1929 518 2014 Πολύστρατον·
542 1932 597 1998 καὶ
612 1930 715 1998 πάλιν
734 1933 887 2018 Τιμοθέῳ
904 1931 1053 2008 διδόντες

96 2025 159 2113 τήν
170 2027 300 2115 δωρεάν
311 2026 356 2096 δι’
369 2032 497 2098 ἐκεῖνον
507 2028 650 2097 ἐδώκατε
659 2030 714 2096 καὶ
724 2028 884 2117 Κλεάρχφ
896 2035 955 2095 καί
964 2050 1053 2095 τισιν

98 2124 398 2206 ἀλλοιςπολιτείαν.
420 2125 611 2215 Χαβρίαςδ
622 2124 723 2205 αὐτὸς
732 2126 873 2212 ἐτιμήθη
884 2124 959 2211 παρ’
970 2123 1052 2211 ὑμῖν

54 2220 209 2308 ςςμόνος.
243 2221 323 2308 είδή
334 2223 426 2309 τότε,
449 2220 507 2289 ὅθ’
520 2219 691 2307 εὑρίσκετο
707 2219 770 2307 τὴν
787 2218 932 2306 δωρεάν,
953 2219 1111 2306 vigim-483

99 2337 159 2384 σεν
169 2315 272 2402 ὑμᾶς,
287 2318 397 2401 ὥσπερ
409 2317 454 2384 δι’
468 2317 655 2403 Ἰφικράτην
665 2321 720 2385 καὶ
734 2316 900 2402 Τιμόθεον
912 2310 951 2384 εὑ
960 2317 1052 2397 τινάς
1162 2356 1169 2365 -

100 2411 313 2499 πεποιήκατε,
334 2413 422 2481 οὑτοι
444 2416 499 2481 καὶ
520 2411 566 2484 δι’
588 2411 692 2483 αὑτὸν
711 2408 752 2483 εὑ
773 2420 907 2502 ποιήσαι
922 2417 1051 2485 τούτων

96 2509 190 2590 τινάς
211 2520 279 2579 τῶν
301 2509 495 2600 εὑρημενιον
515 2510 578 2600 τὴν
600 2511 766 2600 ἀτέλειαν,
790 2510 849 2595 οὓς
869 2520 935 2582 νῦν
957 2507 1052 2583 οὑτοι

96 2611 303 2698 μεμφόμενοι
325 2611 450 2689 πάντας
471 2608 686 2698 ἀφαιρεῖσθαι
704 2611 900 2680 κελεύουσιν
918 2610 1049 2700 ὁμοίως,

97 2706 159 2777 οὑκ
171 2703 213 2775 ἀν
224 2709 367 2777 ἐδώκατε
384 2709 510 2796 ταύτην
527 2710 618 2801 αὐτῷ
628 2709 691 2797 τήν
700 2709 811 2798 χάριν;
833 2714 935 2796 ἔγωγε
944 2707 1050 2797 ἡγοῦ-

52 2835 87 2890 35
96 2832 163 2892 μαι.
198 2804 264 2874 εἶθ’
277 2802 326 2886 οἷς
338 2806 383 2875 δι’
395 2812 524 2876 ἐκεῖνον
535 2805 578 2878 ἀν
589 2807 659 2878 τότ’
673 2810 816 2878 ἐδώκατε
827 2807 973 2896 δωρεάν,
996 2802 1049 2878 διά

95 2904 235 2983 τούτους
245 2913 311 2972 νῦν
321 2903 425 2974 αὑτὸν
434 2910 565 2976 ἐκεῖνον
575 2905 804 2995 ἀφαιρήσεσθε
812 2905 875 2994 τήν
883 2905 1048 2988 ἀτέλειανς

95 3000 170 3070 ἀλλ’
183 3002 315 3088 άλογον.
346 3002 424 3073 οὑδὲ
434 3003 499 3090 γάρ
510 3003 592 3091 ὑμῖν
602 3004 755 3092 ἁρμόττει
766 3012 878 3075 δοκεῖν
888 3004 977 3090 παρά
987 3006 1050 3092 μὲν

95 3103 153 3179 τάς
174 3098 362 3187 εὐεργεσίας
379 3101 467 3171 οὑτοι
486 3112 666 3190 προχείρως
683 3109 768 3190 ἔχειν
786 3102 871 3171 ὥστε
886 3101 1048 3190 μὴμόνον

96 3196 219 3277 αὑτοὺς
234 3196 313 3277 τοὺς
330 3198 502 3286 εὐεργέτας
518 3210 636 3289 τιμάν,
656 3199 740 3270 ἀλλά
757 3198 1047 3280 καλτοὺςέκείναν

95 3303 230 3383 φίλους,
243 3295 378 3364 ἐπειδάν
391 3297 428 3367 δὲ
437 3299 558 3386 χρόνος
568 3305 684 3388 διέλθῃ
694 3301 835 3388 βραχὺς,
846 3300 900 3368 καί
912 3298 974 3369 ὅσα
984 3294 1048 3367 αὑ-

95 3409 163 3474 τοῖς
175 3394 354 3481 δεδοίκατε,
366 3393 463 3464 ταῦτ’
475 3395 699 3486 ἀφαιρεῖσθαι.
