2370 3854
341 229 484 291 ΚΑΤΑ
515 232 760 294 ΜΕΙΔΙΟΥ.
988 233 1030 297 97

80 389 237 475 ἀπήντων
250 387 294 468 οἱς
307 387 456 474 ’δήλωκεν
466 388 529 475 ήδη
541 391 595 458 καὶ
603 391 859 478 κατεψήφισται·
880 399 969 473 τίνος
980 421 1030 462 τι-

73 484 214 574 “μήσειν
231 486 321 578 αύτῷ
343 490 535 576 προσδοκᾷς
555 485 592 554 τδ
617 489 845 575 δικαστήριονς
867 489 929 576 ούχ
949 487 1030 579 ὁρᾷς

77 582 148 652 “ὃ’τι
159 586 354 653 πλουτεῖκαὶ
359 592 569 672 τριηραρχίας
578 587 649 672 ἐρεῖ
654 587 709 653 καί
715 593 936 673 λειτουργίαςς
948 588 1030 656 σκό-

74 678 151 749 “πει
162 682 203 769 δή
215 681 259 768 μή
273 683 402 761 τούτοις
412 680 518 750 αὑτὸν
528 682 749 768 ἐξαιτήσηται,
767 687 823 752 καὶ
833 685 954 752 ἐλάττω
967 709 1029 752 πο·

77 777 141 846 “Ab
152 788 193 868 τῇ
205 782 300 848 πόλει
310 782 466 859 καταθείς
482 775 582 866 ήὸσα
599 798 652 847 σοι
670 785 784 849 δίδωσι
794 779 1027 870 καταγελάση.”

33 875 144 962 ,ὀνέγά
165 877 201 945 δέ
220 887 353 961 πρῦτου
363 878 425 965 μὲν
436 876 538 946 οῦδὲν
556 876 691 964 άγευυές
710 876 806 965 ὑμῶν
822 880 1019 965 καταγιγνώ-

82 994 167 1060 σκω,
191 974 265 1044 οὐδ’
285 974 512 1065 ὑπολαμβάνω
532 975 683 1062 τιμήσειν
705 974 842 1054 ούδευός
858 977 1029 1056 ἐλάττονος
1037 997 1089 1054 564

81 1072 187 1164 τούτςο
203 1069 226 1160 ή
243 1073 326 1143 ὅσον
344 1076 499 1153 καταθεὶς
516 1065 615 1152 ούτος
631 1073 792 1141 παύσεται
809 1081 868 1159 τής
884 1071 1028 1159 ὕβρεως·

81 1179 179 1238 τοῦτο
191 1169 220 1238 δ’
233 1174 301 1241 ἐστὶ
311 1172 451 1258 μάλιστα
462 1171 523 1257 μὲν
534 1172 697 1255 θάνατος,
709 1177 740 1239 εί
746 1169 784 1237 δὲ
794 1169 851 1256 μή,
869 1171 977 1238 πάντα
987 1169 1028 1238 τά

83 1265 365 1354 ὅνταάφελέσθαι.
395 1266 497 1338 ἔπειθ’
510 1267 595 1355 ὑπὲρ
604 1275 674 1335 τῶν
683 1269 806 1336 τούτου
815 1277 1029 1354 λειτουργιῶν

82 1370 137 1433 καὶ
147 1375 370 1453 τριηραρχιῶν
385 1369 440 1433 καί
460 1363 702 1432 τῶντοιούτων
713 1364 824 1449 λόγων
836 1363 1029 1451 άδὶγιγνύ-

33 1486 74 1539 ‚53
83 1484 160 1532 σκω.
192 1471 222 1531 εί
233 1470 295 1550 μέν
306 1469 405 1549 ἐστιν,
419 1457 446 1531 οἷ
457 1461 576 1544 άνδρες
585 1459 764 1547 Ἀθηναῖοι,
775 1463 813 1529 τὸ
826 1469 1029 1547 λειτουργεῖν

83 1570 197 1647 τοῦτο,
219 1563 256 1629 τὸ
281 1565 318 1630 ἐν
337 1559 418 1647 ύμῖν
433 1564 542 1646 λέγειν
558 1563 596 1628 ἐν
612 1557 754 1637 άπάσαις
763 1572 834 1636 ταῖς
846 1562 1030 1645 ἐκκλησίαις

82 1662 137 1727 καὶ
149 1668 319 1746 πανταχοῦ
328 1657 444 1745 “ήμείς
460 1663 496 1726 οί
508 1663 788 1742 λειτουργοῦντες,
798 1653 890 1741 ἡμεῖς
904 1660 939 1723 οί
947 1679 1031 1741 προ-

74 1755 308 1845 “εισφέροντες
318 1757 414 1845 ύμῖν,
436 1755 530 1844 ήμεῖς
541 1760 577 1823 οί
590 1754 748 1822 πλούσιοί
754 1749 880 1838 ἐσμε·ν,”
902 1758 933 1820 εί
942 1753 979 1820 τὸ
991 1755 1030 1820 τά

81 1865 216 1924 τοιαῦτα
226 1861 345 1942 λέγειν,
357 1854 445 1924 τοῦτ’
455 1861 523 1923 ἐστι
540 1862 762 1938 λειτουργεῖν,
781 1849 935 1937 ὁμολογοῖ
944 1857 1031 1918 Μει-

82 1959 157 2021 δίαν
174 1952 411 2022 ἁπάντωντῶν
427 1957 464 2022 ἐν
477 1961 517 2042 πή
533 1953 628 2020 πόλει
643 1951 876 2038 λαμπρότατον
893 1958 1031 2037 γεγενή-

81 2060 178 2118 σθαι·
211 2051 384 2121 ἀποκναίει
405 2053 468 2138 γάρ
494 2050 593 2140 άηδίᾳ
621 2050 730 2137 δήπου
750 2051 806 2118 καὶ
827 2048 1030 2136 ἀναισθησία

33 2147 155 2224 ,γεκαθ’
168 2151 309 2237 ἑκάστην
320 2149 382 2236 τήν
392 2153 570 2236 ἐκκλησίαν
579 2156 683 2216 ταῦτα
695 2151 811 2233 λέγων.
839 2153 870 2215 εί
878 2151 990 2232 μέντοι
1000 2155 1034 2214 τί

80 2246 150 2315 ποτ’
161 2250 251 2316 ἐστὶν
267 2247 289 2314 δι’
306 2257 492 2332 λειτουργεῖ
505 2254 546 2332 τῇ
564 2243 705 2334 ἀληθείᾳ
722 2251 775 2312 δεῖ
792 2259 943 2327 σκοπεῖν,
966 2238 1028 2327 ἐγὼ

80 2343 163 2425 πρὸς
179 2341 264 2428 ὑμᾶς
280 2347 353 2430 ἐροῦ.
388 2346 443 2410 καὶ
458 2341 632 2409 θεάσασθε
644 2339 688 2421 ὡς
699 2346 831 2420 δικαίως
844 2338 948 2408 αύτὸυ
960 2343 1030 2420 ἐξε-

81 2441 181 2524 τάσω,
193 2437 427 2525 πρόςέμαυτδν
437 2445 571 2527 κρίνων.
583 2431 692 2524 οὗτος,
706 2432 733 2506 ά
743 2436 864 2526 άνδρες
873 2435 1028 2524 Ἀθηναῖ-

82 2564 123 2621 οι,
140 2537 286 2623 γεγονώς
296 2542 350 2622 ἐτη
362 2539 437 2623 περὶ
447 2537 651 2624 πεντήκοντα
669 2547 748 2616 ἴσως
763 2531 786 2623 ή
803 2535 1029 2622 μικρόνέλατ-

81 2662 150 2723 τον,
169 2635 269 2704 οῦδὲν
279 2639 359 2722 ἐμοῦ
376 2644 510 2716 πλείους
525 2643 728 2724 λειτουργίας
745 2634 825 2721 ὑμῖν
841 2634 1028 2718 λελειτούρ-

80 2760 198 2820 γηκεν,
221 2731 257 2811 ὃς
274 2733 336 2801 δύο
352 2735 408 2802 καὶ
417 2733 595 2819 τριάκοντα
615 2739 669 2819 ἐτη
690 2738 821 2820 γέγονα.
852 2730 944 2818 κάγοδ
966 2733 1028 2816 μὲν

82 2829 154 2897 κατ’
173 2832 321 2909 ἐκείνους
335 2827 414 2910 τούς
429 2831 570 2917 χρόνους
587 2830 844 2919 ἐτριηράρχουν,
868 2827 974 2907 εύθύς
989 2833 1026 2897 ἐκ

82 2931 209 2994 παίδων
226 2928 380 3015 ἐξελθών,
400 2926 454 2998 ὅτε
472 2928 599 2997 σύνδυο
617 2923 703 3016 ήμεν
719 2934 753 2997 οί
766 2929 956 3016 τριήραρχοι
972 2931 1029 2994 καὶ

81 3024 299 3110 τάναλάματα
315 3028 423 3095 πάντα
441 3031 477 3095 ἐκ
494 3035 562 3096 τῶν
574 3032 668 3095 ίδίων
679 3029 961 3111 ἐδαπανῦμενκαί
971 3023 1028 3102 τάς

33 3153 72 3204 155
81 3131 164 3202 ναῦς
176 3123 395 3210 ἐπληρούμεθ’
410 3123 521 3194 αῦτοί·
542 3118 641 3204 οὗτος
651 3125 696 3211 δἐ,
708 3122 763 3192 ὅτε
776 3124 838 3208 μὲν
849 3118 932 3189 κατά
943 3121 1028 3188 ταύ-

80 3250 142 3307 την
157 3219 218 3307 τήν
234 3220 365 3307 ήλικίαν
381 3215 426 3309 ήν
440 3220 485 3309 ἢν
500 3220 565 3308 ἐγω
576 3230 658 3308 νῦν,
681 3220 811 3290 ούδέπω
821 3230 1027 3306 λειτουργεῖν

79 3320 206 3407 ήρχετο,
214 3325 437 3406 τηνικαῦταδέ
446 3329 508 3389 τοῦ
516 3313 885 3408 πράγματοςήπται,ὃ’τε
893 3325 1027 3402 πρῶτον

79 3421 142 3505 μὲν
152 3423 340 3498 διακοσίους
352 3421 407 3489 καί
412 3426 537 3505 χιλίους
543 3417 741 3502 πεποιήκατε
751 3421 918 3493 συντελεῖς
924 3413 1025 3500 ὑμεῖς,

122 3515 258 3569 Demosth.
281 3515 340 3567 Vol.
358 3515 394 3571 11.
413 3542 420 3551 ν
859 3511 875 3558 ‘1
