2370 3854
221 233 362 296 ΚΑΤΑ
383 230 873 295 ΑΡΙΣΤΟΓΕΙΤΟΝΟΣ
891 233 928 294 Β.
992 231 1054 294 301

111 383 352 480 ὑπολαμβάνων
362 406 431 472 τοῖς
442 393 504 478 μὲν
517 393 710 478 ἐνδέχεσθαι
725 397 781 462 καὶ
797 396 885 479 παρά
901 393 961 464 τόν
977 396 1058 483 χρό·

111 510 172 552 νον
181 487 215 557 τό
229 497 357 561 δίκαιον
369 498 502 578 λαβεῖν,
518 505 587 570 τοῖς
599 488 630 560 δ’
644 489 706 559 ούκ
723 495 846 561 ἐνεῖναι
856 509 1056 581 περιμεῖναι·

109 577 146 649 τό
155 587 217 674 γάρ
233 591 504 678 τιμωρησόμενον
515 588 576 678 οὐχ
589 588 728 658 ὑπέσται
744 599 803 678 τῆς
818 600 983 675 πολιτείας
996 623 1058 663 καῃ

107 693 312 777 ταλυθείσης.
345 695 400 760 καὶ
420 690 550 771 τούτοις
567 705 636 769 τοῖς
660 693 799 772 δικαίοις
823 689 932 772 ούδεὶς
952 692 1058 773 οὕτως

106 778 182 852 ούτε
198 784 336 874 ἀναιδὴς
346 787 426 859 οὔθ’
443 787 527 875 ὑπὲρ
538 787 624 876 ὑμᾶς
640 798 780 878 φρονῶν
797 794 884 861 ἐστὶν
896 792 986 871 ὅστις
996 791 1058 859 ἀν-

102 887 243 969 τιλέγειν
252 889 463 977 ἐπιχειρήσει,
477 888 564 977 πλὴν
572 887 848 977 Ἀριστογείτονος
858 892 992 960 τουτουὶ
1003 894 1058 959 καὶ

101 989 160 1066 τῆς
171 985 294 1054 τούτου
303 988 425 1074 τόλμης
441 991 497 1058 καὶ
506 998 674 1075 πονηρίας.
698 988 782 1059 ἀλλά
797 990 904 1070 πάσας
920 990 979 1069 τάς
996 990 1120 1077 cip-802

101 1082 162 1164 χάς
173 1086 229 1152 καί
240 1084 320 1165 τοὺς
330 1093 605 1175 πολιτευομένους
616 1088 812 1176 εὑρήσομεν,
825 1087 960 1157 ἐπειδᾶν
971 1087 1057 1169 ἀπαξ

76 1204 133 1256 5τι
142 1192 332 1269 καταγνῶτε
348 1184 456 1274 ὑμεῖς,
486 1188 617 1267 τούτοις
634 1191 844 1273 ἐμμένοντας.
876 1194 974 1256 τοῦτο
997 1187 1058 1272 μὲν

101 1276 166 1365 χάρ
179 1281 262 1352 ὅταν
276 1284 605 1373 ἀποχειροτονηθῶσί
618 1312 705 1365 τινες
718 1295 786 1354 τῶν
804 1288 842 1354 έν
851 1299 922 1364 ταῖς
933 1283 1058 1372 ἀρχαῖς,

101 1393 301 1472 παραχρῆμα
323 1390 508 1455 πέπαυνται
525 1386 682 1472 ἀρχοντες
697 1386 752 1453 καὶ
772 1380 852 1462 τούς
871 1382 1059 1468 στεφάνους

101 1479 334 1568 περιῄρηνται·
371 1493 469 1555 τοῦτο
498 1484 530 1552 δ’
557 1483 649 1562 όσοις
676 1491 745 1550 τῶν
770 1488 991 1567 θεσμοθετῶν
1014 1486 1060 1559 είς

94 1570 228 1658 ’Ἀρειον
238 1584 348 1671 πάχον
359 1585 419 1671 οὐχ
431 1582 504 1653 οἷόν
514 1586 551 1652 τέ
559 1586 649 1652 ἐστιν
660 1579 833 1667 ἀνελθεῖν,
853 1584 1010 1664 παρέντες
1020 1577 1057 1648 τό

101 1675 278 1756 βιάζεσθαι
300 1688 497 1771 στέργουσιν
519 1692 664 1759 είκοντες
685 1695 756 1759 ταῖς
776 1676 949 1765 ὑμετέραις
970 1677 1060 1763 μνῶ-

100 1788 182 1841 σεσι.
215 1782 272 1850 καὶ
292 1781 385 1852 τοῦτ’
408 1782 556 1861 είκότυς·
589 1778 701 1864 ῶσπερ
715 1776 796 1865 χάρ,
821 1776 902 1846 ὅταν
923 1775 1059 1861 ἀρχωσι,

98 1866 179 1949 τοὺς
196 1881 331 1961 ίδιοότας
348 1893 476 1952 οἴονται
492 1885 563 1949 δεῖν
586 1876 700 1961 αὐτοῖς
716 1887 925 1961 πειθαρχεῖν,
949 1872 1061 1942 ῶσαύ-
1087 1902 1100 1921 ··

96 1988 179 2055 τως,
203 1973 392 2050 ὅταναύτοὶ
408 1986 534 2050 ίδιῶται
542 1983 705 2066 γένωνται
716 1976 832 2061 πόλιν,
847 1988 915 2054 τοῖς
930 1981 987 2059 τῆς
998 1973 1060 2041 πό-

68 2066 183 2145 Memg
197 2070 341 2161 ἄρχουσι
349 2081 469 2167 νόμοις.
478 2085 612 2158 δικαίοις
623 2072 667 2146 ἀν
680 2075 912 2146 ἀκολουθοῖεν.
934 2080 981 2142 έτι
992 2078 1060 2141 τοί-

94 2181 164 2226 νυν
176 2172 214 2234 oc
226 2178 482 2263 πολιτευόμενοι
493 2179 631 2260 πάντες,
645 2179 680 2244 ἐκ
692 2182 761 2243 τῶν
772 2180 926 2242 παλαιῶν
938 2177 968 2239 εί
977 2168 1063 2257 βού-

90 2259 200 2326 λεσθε
212 2264 397 2359 ἀρξάμενοι
406 2274 702 2360 χρόνωνθεοορεῖν,
716 2269 874 2351 ὡσαύτως
886 2277 1064 2357 φαίνονται

88 2357 248 2438 dmm&
266 2385 336 2450 τοῖς
347 2371 518 2458 ὑμετέροις
536 2376 683 2450 δικαίοις.
705 2369 908 2456 Ἀριστείδην
922 2369 983 2454 μέν
998 2365 1063 2452 γάρ

84 2465 198 2523 φασιν
215 2453 290 2530 ύπό
316 2478 386 2536 τῶν
412 2468 591 2556 προγόνων
613 2473 861 2555 μετασταθέντα
885 2469 922 2534 έν
943 2471 1064 2552 Αίχίνη

78 2543 301 2664 &jammam
319 2569 383 2648 ἕως
394 2564 412 2637 ὁ
425 2573 528 2655 δῆμος
539 2565 644 2637 αὐτόν
654 2570 862 2651 κατεδέξατο,
875 2563 1066 2648 Μιλτιάδην

74 2641 111 2707 ‘5⁸
124 2646 186 2765 κθξὶ
197 2656 392 2743 Περικλέα
404 2666 588 2754 όφλόντας,
604 2663 737 2752 τὸνμὲν
752 2665 946 2749 τριάκοντα,
959 2659 1017 2729 τόν
1029 2659 1065 2725 δὲ

47 2761 304 2828 ’πεντηκοντα
320 2765 488 2849 τάλαντα,
510 2767 700 2844 ἐκτίσαντας
711 2763 800 2831 ούτω
813 2768 1022 2848 δημηγορεῖν.
1045 2753 1065 2823 δ’

56 2843 109 2907 καὶ
126 2847 369 2961 δεινότατον
381 2861 425 2933 ἀν
437 2874 486 2952 είη
499 2871 702 2952 συμβαῖνον,
721 2859 801 2940 τούς
815 2863 876 2946 μὲν
892 2854 996 2926 πολλοὶ
1009 2856 1065 2922 καὶ

52 2949 186 3028 μεγαλα
206 2956 456 3044 ποιήσαντας
471 2961 558 3049 ὑμᾶς
579 2961 691 3048 ἀγαθὰ
715 2959 759 3048 μη
781 2962 927 3044 μετέχειν
943 2953 1064 3036 ταύτης

48 3044 291 3156 ξῆςδωθξθῖς,
318 3058 418 3133 ὥστε
428 3060 517 3152 παρά
533 3059 612 3139 τούς
623 3061 748 3145 νόμους
759 3086 791 3125 τι
800 3054 880 3134 τούς
890 3055 1064 3139 κειμένους

47 3152 120 3256 [W
129 3143 291 3249 πθξέξαι
302 3203 322 3236 ,
357 3162 422 3232 τὸν
440 3164 477 3231 δὲ
490 3160 595 3247 μηδὲν
610 3159 671 3245 μὲν
683 3155 816 3241 ἀγαθὸν
834 3151 1062 3237 είρχασμένον,

47 3234 253 3351 ’πξθπληθη
279 3252 343 3315 δ’
362 3260 630 3350 ἐξημαρτηκότα,
651 3263 772 3325 τοῦτον
784 3252 872 3322 οὕτω
884 3256 1064 3335 προχείροις

47 3330 204 3446 meost?
228 3354 345 3420 καὶ
366 3359 460 3449 παρὰ
472 3358 509 3430 τὸ
523 3358 697 3446 συμφέρον
707 3355 761 3422 καί
774 3350 811 3422 τό
824 3356 953 3420 δίκαιον
971 3351 1066 3427 ἐξου-

47 3436 159 3499 Wm'
192 3433 392 3525 ὑμόόν
407 3465 470 3528 τού
484 3469 691 3544 παρανομεῖν
708 3450 877 3540 εἰληφότα.
899 3448 954 3515 καὶ
968 3452 1002 3514 τί
1016 3449 1145 3608 δεῖ]
