2370 3854
344 184 492 245 ΚΑΤΑ
512 184 731 247 Amor
748 187 789 248 A.
985 185 1048 251 321

53 342 363 432 ίίέξαμαρτάνοιεν.
384 334 782 423 οότοςτοίνυνκαλαότὸς
792 342 1050 437 πρόςτῇπροικλ

97 445 152 510 καί
162 439 221 522 τάς
230 447 437 528 θεραπαίνας
447 439 562 529 λαβεδν
572 443 628 511 καὶ
638 441 701 529 τὴν
711 449 820 513 υίκίαν
830 452 947 534 οίκσλυ,
960 451 1050 516 ἀπει-

98 537 205 628 δὴβεῑ
212 538 316 626 λόγον
326 536 433 607 αὐτόν
445 545 565 608 δοῦναι
575 542 717 628 τούτων,
728 541 814 611 τότε
825 541 932 612 αὑτοῦ
941 548 1049 630 πράτ-

95 666 165 708 τειυ
175 640 257 727 φησὶ
267 640 322 706 καὶ
334 645 381 718 είς
390 644 553 707 τοσοῦτον
572 645 839 727 αἰσχροκερδείας
852 633 961 729 ἦλθεν
978 641 1047 710 ἀόσ-

95 765 131 806 τε
154 740 210 808 καὶ
236 733 316 815 τοὺς
336 737 558 818 διδασκάλους
584 735 663 816 τοὺς
683 738 829 825 μισθοὺς
850 738 1049 826 ἀπεστέρηκε
1134 745 1141 762 “

96 842 151 906 καλ
160 844 229 904 τῶν
240 843 408 921 εἰσφορῶν
419 841 510 906 ἔστιν
520 832 560 916 ἀς
570 833 612 905 οά
623 838 819 924 κατέθηκεν,
827 839 898 924 ἐμοὶ
910 838 947 907 δὲ
957 845 1050 923 λογί-

97 943 191 1016 ζεται.
225 930 305 1020 λαβὲ
323 930 363 1020 δη
380 934 437 1002 καί
451 932 572 1014 ταύτας
587 932 701 1014 αὐτοῖς
722 935 782 1016 τάς
793 945 975 1024 μαρτυρίας
994 939 1049 1005 καὶ

98 1033 283 1121 ἀνάννωθι.

441 1191 704 1254 MAPTPPIAI.

54 1347 89 1402 47
182 1331 260 1401 Παίς
282 1316 347 1390 οὖν
369 1320 414 1388 ἀυ
440 1347 490 1399 τις
519 1322 726 1406 σαφέστερον
753 1324 919 1403 ἐπιδείξειε
941 1325 1049 1392 πάντα

99 1421 304 1508 διηρπακότα
315 1422 371 1489 καὶ
382 1419 463 1506 μηδὲ
473 1427 543 1487 των
553 1426 682 1505 μικρόν
692 1415 959 1508 ἀπεσχημένον,ιή“
969 1428 1050 1489 τοῦ-

98 1545 157 1587 του
177 1517 238 1585 τόν
260 1519 387 1603 τρόπον
412 1514 601 1596 ἐπιδεικνὺς
624 1514 706 1603 μετὰ
727 1517 899 1586 τοσούτων
922 1519 1051 1605 μαρτύ-

99 1642 169 1701 ρων
185 1619 241 1684 καί
258 1621 443 1702 τεκμηρίων
459 1611 521 1701 τὴν
536 1614 598 1701 μὲν
615 1629 736 1700 προῖκα
753 1623 869 1703 λαβεῖν
885 1614 1051 1705 ὁμολογή-

99 1734 203 1782 σαντα
214 1716 366 1801 καὶέχειν
376 1710 482 1781 αὐτόν
501 1710 586 1800 πρός
601 1711 680 1792 τοάς
690 1716 889 1798 ἐπιτρόπους
899 1714 1052 1803 ἀπομρά·

98 1830 223 1900 φαντα,
245 1811 284 1882 τό
295 1810 327 1881 δ’
346 1812 566 1899 ἐργαστήριον
590 1814 850 1900 κεκαρπωμένον
870 1811 976 1882 αάτόν
996 1816 1052 1883 καὶ

54 1911 160 2000 ςςτηυ
172 1912 343 1996 πρόσοδον
352 1908 415 1979 οόκ
428 1907 672 1997 ἀποφαίνοντα,
690 1918 762 1993 των
770 1908 802 1978 δ’
813 1910 926 1980 ἀλλων
937 1910 977 1981 τά
988 1914 1050 1998 μὲν

98 2011 290 2097 πεπρακότα
306 2011 362 2079 καὶ
380 2006 546 2096 τάςτιμάς
557 2006 620 2078 οὐκ
632 2005 884 2093 ἀποδεδωκότα,
908 2007 949 2077 τά
959 2007 991 2076 δ’
1005 2007 1050 2089 ὡς

98 2108 218 2178 ἑαυτόν
240 2109 385 2196 λαβόντα
412 2111 467 2175 καὶ
487 2104 581 2175 ταῦτ’
603 2106 807 2192 ἠφανικότα,
834 2111 882 2174 ἔτι
905 2106 941 2179 δὲ
961 2108 1051 2190 παρά

96 2205 271 2291 τὸνλόγον
283 2202 325 2272 δν
336 2200 593 2283 αότόςάπίδωκε
605 2210 752 2271 τοσαῦτα
763 2207 956 2289 κλέπτοντα,
968 2202 1051 2288 πρός

99 2304 135 2372 δὲ
157 2302 288 2379 τούτοις
310 2299 373 2386 την
401 2301 570 2387 διαθήκην
596 2297 802 2386 ἠφανικότα,
836 2298 940 2368 τάλλα
961 2301 1050 2370 οὕτω

98 2401 207 2468 πάυτα
218 2399 406 2490 διῳκηκότα
417 2396 463 2478 ὡς
474 2395 549 2465 οὐδ’
562 2393 607 2466 ἀν
617 2402 652 2466 οί
663 2405 812 2484 ἔχθιστοι
829 2398 1049 2484 διοικησειανς

97 2499 162 2586 ε’γιδ
174 2503 235 2586 μὲν
247 2497 309 2568 οὐκ
322 2496 387 2567 οἷδ’
401 2495 491 2578 ὅπως
501 2495 546 2565 ἀν
557 2523 607 2577 τις
617 2500 822 2582 σαφέστερον
832 2499 1031 2578 ἐπιδείξειεν.

55 2632 89 2686 49
177 2597 315 2686 Ἐτόλμα
332 2604 449 2665 τοίνυν
464 2592 550 2680 πρὸς
567 2602 614 2686 τῷ
633 2600 780 2681 διαιτητῇ
795 2596 906 2680 λέγειν
923 2594 967 2675 ἀς
984 2593 1049 2665 ἀπό

97 2708 166 2768 τοῖν
175 2698 354 2785 χρημάτων
365 2699 445 2783 χρία
456 2721 491 2764 τε
501 2693 679 2781 πάμπολλα
690 2695 851 2761 ἐκτέτικεν
868 2692 953 2781 ὑπὲρ
966 2698 1051 2781 ἐμοῦ

97 2804 304 2884 Δημοφῶντι
325 2798 381 2864 καὶ
404 2798 593 2882 Θηριππίδῃ
614 2807 682 2872 τοϊς
703 2786 973 2880 συνεπιτρόποις,
994 2797 1051 2862 καὶ

98 2895 144 2974 οἱς
155 2892 261 2962 πολλά
279 2902 347 2961 τῶν
365 2897 454 2980 ἐμοίν
475 2893 629 2980 λάβοιεν,
652 2888 810 2976 οὐδέτερα
827 2897 912 2976 ἔχων
928 2897 1051 2960 ἐπιδει-

98 2995 221 3062 κνόναι
231 2990 368 3059 τούτων.
391 2991 468 3060 οὕτε
479 2989 597 3077 φάρῶς
608 2985 786 3075 ὀφείλοντά
797 3016 838 3076 με
849 2988 1052 3058 κατέλιπευὸ

99 3090 207 3180 πατὴρ
218 3095 255 3158 ἐν
265 3103 333 3168 τοῖς
342 3091 533 3176 νράμμασιν
545 3086 727 3173 ἀπέφηνεν,
735 3085 810 3154 οὐδ’
818 3079 868 3165 οἷς
880 3085 1052 3154 ἀποδεδω-
1060 3109 1115 3166 329

99 3196 192 3261 κέναι
215 3186 311 3258 ταῦτ’
324 3195 388 3274 ἔφη
408 3191 609 3274 παρέσχηται
630 3186 815 3273 μάρτνρας,
839 3181 913 3250 οὔτ’
928 3176 972 3250 αὖ
991 3183 1052 3253 τόν

99 3288 248 3378 ἀριθμόν
265 3295 334 3356 τόν
344 3288 522 3374 χρημάτων
541 3291 588 3366 είς
601 3281 681 3363 τοὺς
706 3282 972 3373 συνεπιτρόπους
993 3287 1051 3353 ἐπ-

49 3458 52 3463 ,
99 3392 262 3475 ανέφερεν
274 3385 356 3455 ὅσον
367 3381 470 3465 αὐτός
492 3391 644 3474 φαίνεται
666 3378 797 3471 λαβάν,
819 3377 902 3450 ἀλλά
919 3390 1054 3466 πολλοῖς

142 3484 279 3538 Demosth.
304 3483 363 3536 Vol.
376 3482 412 3533 11.
816 3479 847 3532 21
1034 3474 1129 3592 Α
