2370 3854
390 236 532 298 ΠΡΟΣ
549 237 776 298 ΑΦΟΒΟΝ.
994 236 1055 299 347

104 395 212 463 ε’δόκει
228 393 288 463 τὸν
304 394 366 481 μὲν
382 391 461 462 υίδν
478 394 533 479 ἐμὲ
549 396 672 479 πένητα
692 395 877 481 βούλεσθαι
893 404 1057 484 καταστη-

105 515 176 577 σαι,
198 493 339 570 τούτους
357 491 392 559 δὲ
412 498 593 570 πλουσίους
608 491 708 571 ὄντας
725 499 771 562 έτι
792 499 1056 580 πλουσιωτέρους

104 600 239 680 ποιῆσαι
250 593 443 677 ἐπιθυμεῖν,
466 588 540 659 ἀλλ’
554 592 653 659 ἕνεκα
670 600 732 660 τοῦ
742 594 896 679 πλήθους
905 603 974 662 τῶν
984 598 1055 681 ἐμοὶ

104 689 393 774 καταλειπομένων
404 693 593 774 Θηριππίδῃ
606 716 641 756 τε
657 686 716 768 τάς
727 691 954 778 ἑβδομήκοντα
970 702 1056 776 μυοίς

103 787 157 853 καὶ
175 792 381 872 Δημοφῶντι
399 784 440 852 τὰ
458 784 518 853 δύο
535 786 705 873 τάλαντα,
723 786 817 856 οὔπω
842 793 994 875 μέλλοντι
1013 797 1113 878 τῇεες

103 882 232 972 ἀδελφῇ
243 891 283 973 τῇ
295 887 355 971 ἐμῇ
364 885 585 972 συνοικήσειν,
592 895 806 973 καρποῦσθαι
817 892 943 955 δοῦναι.
951 894 1054 954 ταῦτα

103 979 143 1066 δη
171 978 210 1047 τά
230 981 379 1068 χρήματα
401 979 552 1067 οὐδαμοῦ
577 981 748 1069 παραδοὺς
773 988 945 1070 ἐφαίνετο,
977 972 1052 1050 οὐδ’

102 1080 225 1149 ἐλάττω
237 1094 379 1166 μικροῖς·
403 1078 487 1149 ἀλλὰ
505 1079 545 1148 τά
562 1082 625 1167 μὲν
649 1081 872 1169 ἀνηλωκέναι,
894 1081 934 1150 τά
957 1081 989 1150 δ’
1011 1081 1052 1150 ού

103 1187 216 1266 λαβεῖν
227 1184 308 1265 ἔφη,
334 1180 375 1246 τοὶ
387 1178 417 1247 δ’
437 1177 500 1248 οὐκ
516 1184 653 1265 εἰδέναι,
674 1179 714 1248 τά
732 1181 767 1248 δὲ
782 1179 842 1249 τδν
858 1180 939 1249 δεῖν’
957 1188 1052 1268 ἔχειν,

101 1280 141 1345 τά
152 1278 185 1347 δ’
197 1284 296 1346 ἔνδον
308 1277 401 1363 εἶναι,
414 1276 454 1345 τά
466 1281 501 1344 δὲ
512 1278 620 1344 πάντα
630 1285 758 1364 μάλλον
768 1273 791 1363 ἦ
802 1277 889 1346 ὅπου
903 1284 1054 1365 παρέδω-

100 1404 161 1445 κεν
177 1377 241 1461 εἶχε
261 1378 378 1461 λέγειν.
664 1394 666 1397 ’

58 1502 93 1554 ης
184 1476 269 1558 Περὶ
284 1474 319 1542 δὲ
330 1479 392 1541 τοῦ
408 1470 452 1559 μη
469 1480 734 1559 καταλειφθῆναι
750 1470 791 1540 τά
800 1472 940 1560 χρήματ’
954 1479 1052 1541 ἔνδον

101 1569 263 1656 βούλομαι
278 1576 393 1655 σαφοδς
407 1568 491 1656 ὑμῖν
501 1573 658 1650 ἐπιδεῖξαι
678 1572 897 1657 ψευδόμενον.
931 1579 1051 1640 τοῦτον

99 1667 162 1753 γάρ
188 1667 247 1737 τὸν
272 1668 375 1753 λόγου
398 1679 573 1756 καθεῖκεν,
613 1668 726 1758 ἐπειδὴ
752 1669 793 1737 τά
814 1671 964 1757 χρήματα
990 1673 1051 1757 μὲν

99 1763 205 1834 πολλὰ
218 1767 366 1851 πέφηνεν
383 1763 480 1852 ὄντα,
504 1765 566 1834 οὐκ
583 1764 647 1851 εἶχε
662 1765 695 1835 δ’
714 1772 870 1848 ἐπιδεῖξαι
886 1766 987 1835 ταῦθ’
1008 1765 1051 1846 ὡς

99 1863 325 1949 άποδέδωκεν,
337 1861 383 1932 ἵν’
395 1867 429 1944 ἐξ
441 1865 566 1945 εἰκότος
576 1864 678 1934 οὐδὲν
689 1875 859 1952 προσῆκον
869 1864 948 1955 ἡμῖν
958 1874 1052 1955 φανῇ

58 1984 91 2039 47
100 1970 293 2049 κομίζεσθαι
303 1964 343 2031 τά
360 1962 395 2048 γ’
406 1962 488 2032 ὄντα
497 1962 580 2051 παρ’
596 1962 685 2052 ἡμῖν.
709 1971 740 2034 εί
751 1966 812 2052 μὲν
823 1962 966 2033 τοίνυνὸ
985 1990 1051 2032 πα-

99 2060 160 2148 τηρ
170 2063 300 2150 ἠπίστει
309 2062 458 2146 τούτοις,
481 2067 583 2149 δῆλον
594 2064 646 2132 ὅτι
658 2063 732 2133 οὔτ’
744 2061 788 2132 άν
803 2063 907 2131 τάλλα
919 2066 1051 2146 ἐπέτρε-

100 2186 162 2227 πεν
180 2159 251 2228 οὔτ’
274 2157 318 2226 άν
333 2158 428 2227 ἐκεῖν’
447 2158 535 2225 οὕτω
554 2158 747 2228 καταλιπων
764 2157 876 2236 αὐτοῖς
894 2163 1048 2242 ἔφραζεν·

101 2259 184 2326 ὥστε
197 2259 307 2325 πόθεν
318 2266 447 2337 ίσασιυ;
465 2263 496 2324 εί
505 2255 537 2324 δ’
550 2261 736 2343 ἐπίστευεν,
754 2255 817 2323 οὐκ
835 2253 878 2323 άν
890 2257 999 2342 δήπου
1009 2256 1049 2323 τά

99 2352 288 2440 μὲνπλεῖσί
299 2352 411 2433 αὐτοῖς
421 2352 973 2440 τῶνχρημάτωνένεχείρισε,τῶνδ
987 2351 1049 2421 οὐκ

99 2449 143 2519 άν
154 2458 291 2540 κυρίους
307 2453 478 2539 ἐποίησεν,
497 2450 571 2520 οὐδ’
583 2447 628 2521 άν
638 2461 680 2540 τῇ
690 2450 750 2538 μδν
761 2459 861 2538 μητρί
870 2476 936 2537 μου
946 2459 1049 2517 ταῦτα

98 2550 279 2637 φυλάττειν
289 2551 498 2635 παρέδωκεν,
521 2549 628 2638 αὐτὴν
645 2553 681 2619 δὲ
693 2551 818 2637 ταύτην
833 2553 882 2620 ἑνὶ
899 2557 968 2617 τῶν
978 2551 1049 2616 έπε-

96 2649 348 2738 τρδπωντοάτφ
360 2647 492 2735 γυναῖκ’
506 2647 691 2736 ἠγγύησεν·
723 2645 847 2735 οὐγὰρ
865 2653 929 2732 ἔχει
946 2645 1048 2731 λόγον

98 2759 202 2817 σεῖσαι
212 2749 274 2834 μὲν
285 2747 325 2816 τά
337 2749 486 2836 χρήματα
504 2746 548 2815 δι’
571 2751 697 2834 ἐκείνης
709 2753 830 2834 ζητεῖν,
851 2747 910 2814 ἕνα
927 2744 963 2812 δὲ
979 2751 1048 2811 τοῖν

55 2844 481 2932 οεάπιστουμένωνταύτης
498 2845 663 2915 κάκείνων
680 2846 801 2931 κύριον
816 2858 931 2912 ποιεῖν.
954 2842 1048 2910 ἔτιδὲ

96 2950 233 3028 τοῦτον,
247 2953 278 3011 εί
285 2969 317 3011 τι
327 2945 457 3012 τούτων
467 2943 590 3030 άληθὲς
600 2939 660 3031 ἦν,
682 2943 790 3017 .ιίεσθ’
803 2942 865 3012 οὐκ
883 2941 926 3009 άν
944 2939 1048 3025 αὐτην
1155 3021 1157 3025 y

97 3047 210 3127 λαβεῖν
223 3045 381 3109 δοθεῖσαν
398 3038 464 3109 ὑπὸ
483 3050 545 3109 τοῦ
562 3043 703 3127 πατρός;
724 3039 761 3118 δς
778 3038 841 3126 τὴν
856 3039 917 3124 μὲν
934 3032 1043 3120 προῖκ’

97 3137 199 3224 αὐτῆς
208 3137 283 3222 ἤδη,
291 3135 563 3224 τδςόγδοήκοντα
573 3145 670 3224 μνᾶς,
682 3143 766 3222 ἔχων
779 3135 823 3214 ὥς
835 3135 919 3222 αὐτῇ
930 3152 1046 3200 συνοι·

96 3237 226 3323 κήσων,
237 3232 299 3319 τὴν
310 3240 499 3304 Φιλωνίδου
507 3242 568 3303 τοῦ
579 3240 750 3312 Μελιτέως
761 3233 931 3317 θυγατέρα
944 3237 1044 3316 ἔγημε

96 3333 139 3402 δι’
154 3337 420 3422 αἰσχροκερδίαν,
438 3338 494 3402 ἵνα
505 3333 587 3418 πρὸς
597 3327 650 3410 αἶς
659 3330 723 3417 εἶχε
730 3328 806 3414 παρ’
817 3328 923 3417 ἡμῶν,
936 3330 1046 3413 ἑτέρας

95 3431 301 3521 ὀγδοήκοντα
312 3439 397 3519 μνᾶς
408 3433 503 3520 λάβοι
513 3428 594 3518 παρ’
605 3435 748 3501 ἐκείνου·
761 3427 931 3510 τεττάρων
943 3427 1055 3491 δετα-
