2370 3854
118 183 181 249 442
298 188 432 247 xxxvn.
470 181 813 244 ΔΗΜΟΣΘΕΝΟ
824 184 890 243 ΤΣ

118 345 186 432 γμά
197 371 254 431 μοι
264 342 478 430 περιεστηκὸς
489 348 535 420 είς
546 339 686 408 ἀτοπον·
711 337 733 427 ἥ
743 340 807 427 γάρ
820 311 994 411 κοινωνεῖν
1004 346 1072 412 ἔδει

118 451 177 532 τῆς
187 447 341 530 ἐργασίας
357 445 414 510 καὶ
430 449 498 509 τῦν
514 443 709 526 ἐπιμελειῶν
724 447 771 528 τῷ
781 436 936 531 Εύέργςο,
954 436 1071 529 ἀχρή-

118 564 201 629 στην
211 540 284 611 ἀντὶ
294 540 416 609 τούτου
427 537 488 608 τὸν
498 538 651 625 Εὔεργον
662 545 758 626 ἒχειν,
779 542 833 608 καὶ
845 539 930 625 πρὸς
941 543 1072 610 ἐκεῖνον

118 641 219 709 πάλιν
235 647 403 727 μίσθωσιν
419 639 563 724 γράφειν
583 639 638 706 καὶ
658 638 867 724 συμβόλαιον
886 648 1069 707 ποιεῖσθαι·

76 755 108 807 11
118 739 247 808 τούτων
259 736 289 805 δ’
304 735 483 820 ούῦέτερον
493 736 722 825 προηρούμην.
752 736 862 823 ἀηδῶς
880 736 914 805 θ’
924 742 1009 824 ἔχων
1021 734 1071 816 οἷς

117 841 201 922 λέγω
213 861 358 922 τουτοις,
377 834 459 902 ίῦων
471 833 531 902 τὸν
542 837 740 920 Μνησικλέα
755 833 816 903 τὸν
826 843 978 923 πρατῆρα
986 836 1070 904 τού-

116 962 185 1003 των
195 933 275 1021 ἡμῖν
284 935 524 1020 γεγενημένον,
545 931 747 1017 προσελθων
757 935 953 1021 ἐμεμφόμην
964 932 1068 1021 αῦτφῖ,

117 1036 226 1119 λέγων
243 1028 316 1100 οἷον
335 1031 521 1114 ἀνθρωπον
538 1028 744 1119 προύξένησέ
752 1059 825 1119 μοι,
848 1035 902 1101 καὶ
912 1031 991 1112 τοῦς
1001 1031 1068 1119 ἀμ-

118 1137 363 1218 φισβητοῦντας
374 1132 429 1197 καὶ
439 1136 473 1196 τί
485 1126 573 1197 ταῦτ’
587 1132 677 1198 ἐστιν
692 1127 841 1218 ἠρώτων.
876 1129 1024 1212 ἀκούσας
1036 1131 1067 1199 δ’

117 1233 245 1307 ἐκεῖνος
263 1234 332 1295 τῶν
349 1227 411 1313 μὲν
427 1224 730 1315 ἀμφισβητούντων
747 1233 922 1316 κατεγέλα,
946 1239 1069 1298 συνελ-

117 1338 195 1395 θεῖν
207 1324 237 1394 δ’
251 1331 313 1412 ἔφη
326 1325 467 1402 τούτους
478 1327 663 1411 βούλεσθαι
673 1325 758 1412 πρὸς
768 1326 870 1415 ἡμᾶς,
890 1331 945 1396 καὶ
962 1327 1070 1395 συνά-

118 1433 186 1506 ξειν
197 1421 298 1503 αῦτός
307 1421 404 1509 ἡμᾶς,
417 1425 472 1491 καὶ
481 1429 695 1507 παραινέσειν
708 1426 816 1515 τούτω
834 1427 943 1495 πάντα
959 1440 1069 1494 ποιεῖν

75 1541 110 1595 1ῖ
117 1549 157 1592 τα
145 1523 276 1592 δίκαια
285 1523 367 1608 έμοί
377 1524 433 1589 καὶ
442 1530 573 1589 οῖεσθαι
582 1531 715 1592 πεισειν
740 1551 783 1603 ως
795 1526 831 1592 δε
839 1524 1067 1611 συυηλθομεν,

118 1650 158 1692 τα
146 1621 238 1709 μὲν
254 1618 412 1688 πολλάτί
398 1623 483 1686 ίῦεῖ
495 1621 618 1706 λέγειν;
641 1614 776 1723 ηκονῦ’
795 1627 830 1691 οί
843 1623 1070 1690 δεδανεικέναι

118 1722 304 1811 φάσκοντες
319 1719 426 1807 τούτῳ
444 1720 497 1788 ἐπὶ
512 1746 558 1809 τφ
545 1724 777 1843 ”έργαστηρίῳ
795 1725 850 1791 καὶ
862 1737 930 1801 τοῖς
941 1720 1069 1806 ἀνδρα-

118 1815 293 1941 πόδοις,“
271 1847 292 1886 α
309 1816 403 1905 ἡμεῖς
421 1819 608 1904 ἐπριάμεθα
632 1822 721 1905 παρά
739 1825 990 1908 Μνησικλέους,
1013 1821 1069 1889 καὶ

118 1912 248 1987 ουῦὲν
226 1946 270 2004 ην
284 1917 415 1985 ἁπλοῦν
427 1915 502 1984 οὐδ’
515 1914 751 2001 ῦγιὲςτοῦτων.
776 1916 927 1987 πάνταῦ’
941 1922 1069 2005 ἐξελεγ-

116 2018 252 2105 χόμενοι
269 2018 377 2101 ψευδῆ
387 2019 549 2101 λέγοντες,
569 2018 624 2083 καὶ
634 2025 697 2084 τοῦ
707 2021 939 2104 Μνησικλέους
954 2024 1068 2104 βεβαι-

118 2125 237 2196 οῦντος
247 2112 337 2202 ἡμῖν,
350 2121 597 2199 προκαλοῦνται
609 2115 794 2203 πρόκλησιν
805 2116 890 2202 ἡμᾶς
901 2112 946 2194 ὥς
958 2113 1000 2182 οῦ
1012 2119 1068 2181 δε·
1076 2131 1112 2188 97

118 2209 316 2301 ξομένους,ἢ
327 2219 529 2299 κομίσασθαι
543 2215 651 2283 πάντα
661 2214 701 2282 τά
712 2214 861 2302 χρήματα
872 2211 944 2301 παρ’
957 2209 1069 2280 αὐτῶν

118 2317 173 2382 καὶ
190 2310 365 2396 ἀπελθεῖν,
389 2307 410 2398 ἦ
426 2317 581 2381 διαλῦσαι
599 2322 686 2400 σφοῖς
708 2313 791 2397 ὑπὲρ
810 2307 859 2382 οἷν
876 2315 1066 2395 ἐνεκάλουν,

119 2412 307 2530 αίτιούμενοι
320 2419 434 2499 πολλῷ
444 2419 598 2491 πλείονος
609 2411 684 2492 ἀξια
694 2417 780 2498 ἔχειν
792 2404 842 2479 οἷν
852 2411 1068 2494 έῦεῦάκειμεν

76 2511 303 2599 ιεχρημάτων.
326 2478 549 2588 ἀκούσαςῦ”
532 2509 596 2597 εγά
608 2535 823 2597 παραχρημα,
835 2505 914 2577 οὐδὲ
924 2513 1068 2592 βουλευ-

119 2610 277 2696 σάμενος,
301 2617 505 2697 κομίσασθαι
522 2609 757 2729 συνεχώρησα,
772 2608 826 2674 καὶ
844 2600 1067 2684 τόνΕῦεργον

118 2714 239 2776 ἔπεισα.
273 2711 343 2777 ἐπεὶ
362 2708 393 2775 ῦ
413 2713 480 2775 ἔδει
493 2706 532 2774 τῦ
552 2703 694 2792 χρημαθ
713 2703 799 2789 ἡμᾶς
820 2696 1068 2784 ἀπολαμβάνειν

117 2803 225 2875 καί
191 2831 227 2871 το
250 2801 371 2888 πρᾶγμ’
391 2810 436 2881 εἰς
459 2812 557 2870 τοῦτο
576 2810 737 2888 προῆκτο,
761 2795 824 2866 οῦκ
841 2801 970 2882 ἔφασαν
983 2793 1067 2882 μετά

118 2912 223 2972 ταῦτα
247 2901 368 2970 δύσειν
393 2901 481 2968 οῖ’
442 2927 500 2968 τοτ
505 2899 641 2968 ’ἐκεῖνα
661 2896 950 2984 ἐπαγγειλάμενοι,
974 2900 1004 2963 εί
1022 2920 1067 2980 μη

118 3028 282 3090 πρατηρες
292 2998 476 3088 γιγνοίμεθ’
483 2997 577 3087 ημεῖς
586 3005 655 3067 τῶν
665 2997 840 3083 κτημάτων
850 2992 972 3104 αῦτοῖς,
983 3000 1069 3060 νοῦν

118 3108 262 3189 ἔχοντες,
276 3128 302 3169 ω
290 3093 435 3184 ’ἀνδρες
444 3098 631 3185 Ἀθηναῖοι,
644 3094 712 3164 κατ’
725 3091 807 3163 αύτό
818 3119 857 3180 γε
867 3096 981 3161 τοῦτο·
1005 3091 1069 3160 εύ-

120 3228 191 3288 ρων
205 3201 268 3286 γάρ
280 3196 367 3287 ημάς
383 3193 438 3268 οἷα
455 3191 792 3284 ἐσυκοφαντούμεθ’
774 3193 841 3261 νπό
858 3194 996 3262 τούτων.
1024 3188 1069 3269 ὡς

119 3292 184 3366 οὖν
202 3299 256 3366 καὶ
273 3304 356 3364 ταῦτ
361 3293 495 3382 ’ἀληθῆ
510 3301 613 3381 λέγω,
638 3294 721 3382 λαβέ
729 3318 786 3381 μοι
801 3293 856 3360 καὶ
872 3290 995 3368 ταύτας
1010 3285 1069 3366 τάς

119 3403 309 3480 μαρτυρίας.
