2370 3854
164 205 226 271 476
388 213 441 273 XL.
480 208 897 269 ΔΗΜΟΣΘΕΝΟΤΣ

163 379 221 434 τῶν
232 376 348 434 παίδων
359 366 506 454 ἀναγκαία
516 374 640 452 ποίησις.
661 364 878 472 ἀπρθανόντος
876 371 907 433 δὲ
915 396 967 433 του
954 374 1116 435 Μαντίου

163 458 195 518 οί
208 452 337 529 παῖδες’
320 480 399 530 οντες
410 464 500 556 τρεῖς,
522 449 720 528 Μαντίθεος’
708 479 724 516 ο
739 455 817 516 ἐκ
781 479 832 535 της
843 450 924 557 νόμῳ
935 457 1116 536 γαμηθείσης

163 541 214 638 κρά
232 533 359 614 Βοιωτὸς
375 565 425 601 και
416 536 596 620 Πάμφιλος
613 541 644 601 οί
658 539 743 601 ἐκ
707 563 758 619 της
768 517 957 620 Πλαγγόνος,
981 539 1117 645 ἐνέμοντο

162 617 217 703 τήν
238 616 350 685 ούσίαν.
381 623 546 703 φάσκοντος
565 623 597 686 66
619 628 671 685 τοῦ
692 624 871 687 Μαντιθέου
891 629 1017 730 προῖγα
1022 624 1117 707 ἑαυτῷ

162 704 301 811 μητργόαν
310 701 493 811 ὀφείλεσθαι
503 700 632 852 Βοιροτδς
643 707 694 768 καί
706 701 864 806 Πάμφιλος
875 708 926 768 καὶ
937 701 1020 768 αύτοὶ
1029 729 1115 788 προι-

162 784 213 865 κός
224 786 493 874 ήμφισβήτουν,“
473 816 511 864 ως
522 790 573 852 καί
582 797 634 893 τής
644 786 818 898 Πλαγγόνος
829 791 1012 871 ελσενεγκοι’
998 815 1064 870 ενης
1074 792 1115 863 είς

162 869 213 936 τὸν
230 871 314 937 οἶκον
330 898 382 974 τογ
368 877 534 937 Μαντίου
550 881 629 975 μνᾶς
640 871 752 936 ἕκατόν.
786 876 941 983 συνέδοξεγ
951 816 1117 981 οῦηαῦτοῖς

161 960 320 1062 νείμασθαι
330 954 428 1020 πάντα
439 951 515 1020 ἐπ”’
498 976 563 1038 ισης
573 950 698 1039 πλὴν
662 982 713 1038 της
724 952 899 1059 οἰκίας,“’
856 985 887 1020 ιν
899 951 1066 1061 όμοτέρων
1077 952 1117 1018 ἀν

161 1039 182 1143 ή
192 1039 287 1123 μήτηρ
289 1047 382 1146 φανή
391 1048 502 1142 προῖκα
513 1041 749 1150 εἰσενεγκαμένη,
765 1037 878 1116 τούτοις
889 1035 948 1103 ἀπὸ
959 1049 1068 1143 τήςκ
1021 1044 1068 1103 οίκ
1069 1043 1117 1114 ίας

162 1128 302 1232 αποδοθή
318 1150 351 1187 το
362 1121 520 1226 αργύριον,
543 1148 594 1186 και
585 1118 732 1204 ι’πλήν
691 1149 751 1187 των
762 1117 1014 1208 ἀνδραπόδων,“
997 1148 1076 1197 οπως
1087 1126 1119 1186 οἱ

162 1209 229 1291 περὶ
239 1201 291 1272 τὸν
303 1208 449 1308 Βοιωτόν,
471 1202 524 1271 ἐὰν
535 1208 689 1309 ἐπιζητοῦσί
696 1234 725 1270 τι
734 1213 794 1270 τιόν
798 1210 914 1314 ἐνδον,
923 1210 1026 1290 ἐγωσιν
1036 1210 1114 1288 ἕλεγ-
1124 1222 1152 1273 1ι
1164 1230 1169 1266 ι
1180 1228 1185 1267 .·

162 1316 223 1372 χον.
247 1287 329 1396 μετὰ
346 1294 479 1357 δὲταῦτα
491 1285 720 1354 ἀντενεκάλεσαν
732 1285 883 1399 ἀλλήλρις,
902 1319 918 1356 ο
906 1288 984 1395 μὲν
994 1296 1114 1354 Μαντί-

161 1371 256 1451 θεος
233 1375 315 1480 νπὲρ
326 1385 376 1459 τῆς
383 1373 523 1483 μητρῴας
535 1370 651 1455 οῦσίας,
663 1377 769 1438 ἐκεῖνοι
780 1372 837 1438 66‘
822 1377 896 1460 νπὲρ
908 1372 1006 1439 ἀλλων
1015 1382 1113 1439 τινῶν.

162 1456 242 1522 66‘
230 1485 246 1523 ο
265 1460 442 1562 διαιτητής
431 1460 610 1523 Μαντιθέου
614 1459 682 1561 μὲν
704 1453 904 1561 ρἰπεδιαίτησε,
929 1467 1061 1523 Βοιωτοῦ
1083 1460 1115 1522 δὲ

162 1548 294 1608 κατεδιαί
293 1546 403 1646 τησεγέ
398 1542 523 1647 ρήρην.
531 1539 668 1645 λργχάνει
680 1537 721 1644 δή
727 1546 902 1645 Μαντίθερς
912 1569 962 1606 και
953 1539 1052 1618 είς
1025 1568 1057 1607 το
1070 1548 1113 1605 δι-

162 1626 320 1712 καστήριον
331 1622 410 1710 αύτῳ
422 1653 476 1708 την
487 1621 580 1707 αυτὴν
591 1620 721 1707 δίκην,’
704 1633 838 1688 απαιτοῦν
848 1621 902 1707 τήν
911 1636 1029 1711 προῖκα.

243 1861 389 1928 Πάντων
407 1865 495 1928 ἐστὶν
512 1860 749 1946 ἀνιαρότατον,
772 1855 936 1948 οῦάνδρες
954 1867 1115 1947 δικασταί,

160 1959 241 2026 ὅταν
262 1984 311 2036 τις
331 1956 470 2045 ὀνόματι
487 1959 548 2044 μὲν
564 1956 709 2043 ἀδελφὸς
725 1971 985 2048 προσαγορευθῇ
1001 1970 1114 2043 τινων,

158 2064 204 2148 τῷ
229 2054 260 2123 δ’
287 2061 372 2147 ἔργω
398 2055 541 2143 ἐχθρούς
562 2062 619 2145 ἔχη
640 2055 795 2145 τούτους,
819 2061 875 2127 καὶ
895 2057 1117 2145 ἀναγκάζηται

160 2152 266 2223 πολλοὶ
285 2157 340 2222 καὶ
357 2153 449 2223 δεινά
468 2152 593 2223 παθοδν
610 2150 670 2221 ὑπ’
690 2153 803 2223 αὐτοῖν
819 2159 955 2225 εἰσιέναι
966 2163 1116 2236 είςδικα-

135 2256 313 2341 τστήριον,
335 2252 356 2322 6
370 2265 435 2323 νῦν
451 2258 524 2341 ἐμοὶ
541 2257 759 2344 συμβέβηκεν.
791 2254 833 2324 ού
843 2257 907 2344 γάρ
918 2255 1024 2342 μόνον
1034 2256 1116 2323 ἀτύ-

160 2355 247 2441 χημά
263 2381 320 2441 μοι
336 2358 369 2435 ἐξ
386 2353 488 2442 ἀρχῆς
507 2358 654 2440 ἐγένετο,
677 2355 761 2423 διότι
771 2353 937 2441 Πλαγγών
954 2352 1115 2441 ἡτούτων

161 2455 267 2540 μήτηρ
284 2455 511 2541 ἐξαπατήσασα
530 2453 590 2522 τόν
607 2457 731 2541 πατέρα
749 2480 815 2541 μου
826 2458 881 2522 καί
892 2454 1116 2541 ἐπιορκήσασα

161 2560 315 2638 φανεροῖς
326 2552 514 2640 ήυάγκασεν
525 2551 629 2621 αύτδν
640 2549 814 2637 ὑπομεῖναι
825 2553 965 2630 τούτους
975 2552 1114 2638 ποιήσα-

162 2662 253 2736 σθαι,
266 2656 320 2720 καλ
332 2651 385 2720 διά
397 2661 495 2720 τοῦτο
508 2650 548 2719 τά
561 2652 623 2719 δύο
634 2654 716 2737 μέρη
728 2659 796 2718 τοῖν
805 2649 969 2737 πατρῴων
978 2649 1116 2719 ἀπεστε-

163 2752 287 2836 ρήθην·
311 2750 393 2818 ἀλλά
411 2749 494 2836 πρδς
510 2753 641 2828 τούτοις
658 2749 851 2835 ἐξελήλαμαι
862 2748 924 2833 666
936 2753 971 2815 ἐκ
981 2756 1038 2834 τής
1050 2773 1114 2816 πα-

162 2847 269 2935 τρῴας
281 2854 385 2925 οἰκίας
395 2847 460 2914 ῦπδ
473 2848 618 2933 τούτων,
635 2852 670 2914 ἐν
681 2840 705 2933 ᾗ
716 2853 769 2914 καί
780 2847 942 2933 ἐγενόμην
952 2851 1006 2915 καὶ
1018 2847 1115 2933 ἐτρά-

162 2973 232 3033 φην
242 2947 297 3013 καί
307 2951 353 3024 είς
363 2943 406 3032 ήν
417 2943 507 3032 οὐχὸ
521 2944 629 3032 πατὴρ
642 2943 780 3029 αύτούς,
799 2943 871 3013 ἀλλ’
885 2945 949 3032 ἐγω
960 2948 1115 3033 τελευτή-

136 3066 281 3123 3σαντος
302 3049 431 3114 ἐκείνου
453 3046 698 3133 παρεδεξάμην,
729 3043 974 3133 ἀποστεροῦμαι
996 3049 1032 3115 δέ
1052 3042 1151 3132 τήνιι
1164 3078 1184 3112 ιι

161 3157 282 3228 προῖκα
298 3152 355 3230 τῆς
371 3147 516 3230 ἐμαυτοῦ
531 3144 668 3231 μητρὸς,
690 3146 765 3227 περὶ
782 3135 822 3230 ἧς
838 3147 915 3212 νυνὶ
933 3146 1114 3230 δικάζομαι,

161 3241 261 3322 αὐτὸς
277 3244 338 3328 μὲν
356 3245 485 3322 τούτοις
504 3248 597 3321 δίκας
613 3239 695 3324 ὑπὲρ
709 3234 758 3309 ἀν
769 3244 950 3309 ἐνεκάλουν
961 3269 1016 3328 μοι
1027 3242 1116 3310 πάν-

160 3366 228 3407 των
239 3339 401 3426 δεδωκάς,
415 3339 502 3426 πλήν
514 3349 548 3408 εἴ
553 3366 627 3407 τινα
638 3347 704 3406 νῦν
715 3342 813 3408 ἕνεκα
824 3348 882 3426 τής
894 3346 985 3426 δίκης
992 3341 1116 3428 ταύτης

160 3435 375 3525 ἀντειλήχασί
387 3465 444 3525 μοι
459 3446 766 3529 συκοφαντοῦντες,
794 3437 839 3518 οἱς
855 3441 910 3507 καί
927 3436 1007 3524 ὑμῖν
1025 3445 1116 3509 ἔσται
