2370 3854
203 221 266 285 228
403 224 500 281 XXIV.
534 216 952 279 ΔΗΜΟΣΘΕΝΟΤΣ
979 224 982 229 ’

181 384 185 389 ’
202 382 306 469 νόμος
316 378 393 469 μηδ’
403 383 612 466 ἐπιψηφίζειν
622 380 704 464 φησὶ
714 374 960 463 τάνάρχόντων
971 373 1061 463 παρά
1071 393 1156 445 ταν-

201 509 242 551 τα
252 484 393 568 μηδένα·
416 477 434 548 ὁ
447 476 478 547 δ’
493 483 615 563 ἔγραψε
626 489 695 554 τοῖς
705 480 879 562 προέδροις
888 475 1085 563 ἐπάναγκες,
1097 476 1156 544 ἐάν

201 608 250 660 τις
261 587 415 666 καθιστῇ,
426 577 618 661 προσάγειν,
626 576 682 642 καί
692 572 1041 661 προσέμραψεν“ὁπότ’
1054 574 1098 642 άν
1109 602 1156 657 τις

197 673 408 765 “βοάίηται.”

162 802 196 858 56
287 774 361 862 Λάμι’
374 777 488 860 ἕτερον
499 774 614 859 νόμον.

590 932 766 993 ΝΟΜΟΣ.

289 1053 362 1136 [Τάς
374 1060 460 1134 δίκας
470 1054 584 1136 καὶτὰς
597 1062 725 1140 διαίτας,
744 1054 812 1123 ὅσαι
829 1060 963 1143 ἐγένοντο
974 1061 1021 1124 ἐπὶ
1031 1069 1092 1137 τοῖς
1105 1060 1154 1125 νό-

246 1167 311 1225 μοις
323 1144 355 1206 ἐν
366 1145 626 1230 δημοκρατουμένῃ
636 1151 673 1231 τῇ
683 1140 775 1225 πόλει,
788 1146 892 1228 καιρίας
904 1141 1001 1227 εἶναι]

290 1267 343 1338 Οὔ
364 1289 446 1356 φησι
459 1269 682 1358 Τιμοκράτης,
702 1269 831 1339 οὔκουν
846 1269 983 1351 ὁπόσοις
993 1269 1021 1356 μ’
1035 1269 1077 1338 άν
1099 1277 1155 1340 δε-

204 1377 290 1456 σμοῦ
302 1377 522 1458 προστιμηθῇ.

289 1474 382 1554 Λέγε.

592 1614 768 1675 ΝΟΜΟΣ.

286 1734 410 1819 [Ὁπόσα
419 1737 449 1802 δ’
458 1741 505 1802 ἐπὶ
515 1746 575 1803 τῶν
584 1735 729 1825 τριάκοντ’
742 1739 877 1823 ἐπράχθη
888 1736 909 1824 ἢ
919 1746 987 1822 δίκη
998 1740 1156 1827 ἐδικάσθη,

245 1817 266 1902 ἢ
278 1826 339 1908 ίδίμ
350 1820 370 1904 ἢ
381 1827 515 1909 δημοσίᾳ,
527 1820 626 1906 άκνρα
635 1821 732 1906 εἶναι]

162 1964 195 2018 ⁵7
283 1948 437 2035 Ἐπίσχες.
460 1953 531 2018 εἰπέ
539 1976 605 2036 μοι,
616 1956 651 2019 τί
659 1951 853 2019 δεινότατον
863 1950 985 2031 πάντες
996 1949 1040 2020 άν
1050 1952 1158 2023 άκού-

120 2121 121 2124 ,
203 2070 320 2128 σαντες
331 2049 470 2135 φήσαιτε
481 2051 536 2117 καὶ
547 2045 672 2135 μάλιστ’
684 2044 728 2118 άν
745 2048 962 2132 άπεύξαισδε;
984 2049 1057 2139 οὐχί
1073 2063 1158 2122 ταῦ-

202 2177 243 2217 τα
253 2148 294 2217 τὰ
305 2149 489 2235 πράγματα,
502 2147 586 2234 άπερ
598 2141 642 2237 ἦν
651 2151 704 2218 ἐπὶ
714 2156 783 2220 τῶν
793 2149 988 2240 τριάκοντα,
1004 2148 1048 2239 μη
1060 2156 1157 2238 μενέ-

203 2257 301 2328 σδαι;
323 2245 416 2334 ἔγωγ’
427 2246 526 2334 οἶμαι.
563 2245 679 2335 ὁμοῦν
697 2249 801 2335 νόμος
817 2247 932 2320 οὑτοσὶ
948 2248 1158 2338 εὐλαβούμε-

203 2372 276 2431 νος,
295 2343 339 2424 ὡς
355 2348 426 2433 ἐμοὶ
438 2352 544 2435 δοκεῖ,
565 2347 601 2416 τό
614 2356 770 2417 τοιοῦτον
779 2346 896 2417 άπεῐπε
906 2347 946 2417 τά
963 2353 1172 2436 πραχθέντα,

202 2444 255 2512 ἐπ’
270 2449 408 2514 ἐκείνων
417 2444 461 2532 μὴ
475 2448 576 2530 κάρτα
587 2447 681 2515 εἶναι.
716 2445 830 2516 οὑτοσί
839 2454 957 2517 τοίνυν
972 2447 1036 2534 την
1048 2447 1158 2537 αὐτην

201 2548 348 2629 κατέγνω
359 2551 571 2631 παρανομίαν
580 2552 648 2613 τῶν
658 2548 711 2612 ἐπὶ
727 2552 785 2631 τῆς
796 2549 1016 2631 δημοκρατίας
1026 2570 1158 2632 πεπρα-

200 2647 349 2728 γμένων,
374 2642 480 2730 ἥνπερ
497 2652 567 2711 τοῖν
581 2640 635 2709 ἐπ’
646 2645 784 2711 ἐκείνων
800 2641 909 2729 ὑμεῖς·
932 2639 1054 2729 ὁμοίως
1068 2656 1157 2730 γοῦν

157 2740 310 2824 οθάκνρα
322 2754 416 2809 ποιεί.
450 2747 558 2810 καίτοι
573 2746 608 2808 τί
615 2740 784 2828 φήσομεν,
805 2733 965 2824 άάνδρες
972 2738 1155 2833 Ἀθηναῖοι,

198 2848 321 2908 τοῦτον
338 2838 458 2925 κύριον
473 2836 535 2907 τὸν
550 2838 658 2925 νόμον
680 2838 836 2919 ἐάσαντες
851 2844 1025 2925 μενέσθαι;
1054 2842 1156 2912 πότε-

199 2964 261 3024 ρον
283 2939 323 3007 τά
347 2937 557 3025 δικαστήρια,
581 2935 603 3006 ά
620 2943 931 3026 δημοκρατουμένης
952 2949 1011 3028 τῆς
1026 2942 1155 3022 πόλεως

198 3041 234 3106 ἐκ
244 3046 312 3106 τῶν
322 3035 549 3125 ὀμωμοκότων
558 3044 756 3124 πληροῦται,
775 3034 879 3105 ταύτά
890 3037 1075 3128 ἀδικήματα
1084 3053 1155 3121 τοῖς

198 3139 252 3206 ἐπὶ
267 3145 337 3207 τῶν
350 3137 531 3223 τριάκοντα
550 3135 693 3216 άδικεῖνς
715 3139 850 3215 καὶπῶς
868 3134 909 3206 οὐ
920 3137 1046 3216 δεινόν;
1066 3135 1153 3206 άλλά

199 3240 332 3316 δικαίως
344 3239 545 3325 ἐψηφίσθαις
564 3243 653 3316 τίνος
663 3229 728 3304 οὖν
738 3234 904 3304 ἕνεκατὸν
913 3236 1059 3307 λύσοντα
1070 3245 1154 3305 ταῦ-

199 3361 240 3401 τα
257 3334 364 3422 νόμον
380 3339 508 3407 θέσθαι
525 3336 695 3424 φήσομενς
717 3332 806 3422 πλὴν
824 3342 855 3405 εί
872 3335 973 3404 τοῦτό
988 3363 1037 3416 τις
1053 3346 1152 3422 είποι,
1168 3358 1184 3413 7

198 3436 374 3516 μανέντες·
396 3431 849 3522 άλίομάροάκέστινείπεῑν.
