2370 3854
172 179 235 240 366
375 181 483 244 XXXH.
504 176 923 237 ΔΗΜΟΣΘΕΝΟΤΣ

173 364 227 421 ρε,
249 345 318 415 πῶς
330 341 398 404 ἐστι
410 343 554 422 δίκαιον,
577 335 637 404 ἐὰν
653 337 715 421 μὲν
732 334 940 423 ὀγδοήκοντα
950 345 1047 423 μναῖν
1056 346 1127 431 θῇς

172 437 282 522 ὅρους,
294 436 499 524 ὀγδοήκοντα
509 444 594 522 μνᾶς
607 433 690 502 εἶναι
700 433 762 520 την
774 450 905 520 προῖκα,
917 436 976 504 ἐὰν
987 436 1022 504 δὲ
1030 443 1128 505 πλεί-

173 560 249 614 ονος
261 539 372 622 πλέον,
398 534 458 604 ἐόν
468 535 501 602 δ’
515 535 688 612 ἐλάττονος
698 538 848 612 ἔλαττον;
868 531 891 621 ἢ
908 543 978 613 πῶς
990 536 1060 602 ἐστι
1072 542 1128 605 δί-

172 659 278 720 καιον,
291 642 349 721 της
360 633 505 719 ἀδελφῆς
516 642 574 719 της
585 641 645 717 σῆς
655 634 790 718 μηδέπω
808 635 864 700 καί
874 632 1019 719 τήμερον
1030 631 1125 724 ἄλλφ

173 733 393 817 συνοικούσης
409 730 487 817 μηδ’
505 729 758 816 ἀπηλλαγμένης
772 728 933 818 Ἀφόβου,
956 732 1040 818 μηδὲ
1061 732 1127 820 τὴν

171 846 291 914 προῖκα
303 831 485 906 δεδωκότος
496 837 570 915 σοῦ,
582 826 659 914 μηδ’
674 825 758 914 ὑπὲρ
770 829 901 896 τούτων
912 834 958 908 είς
968 828 1127 915 βάσανον

169 928 249 1015 μηδ’
265 935 311 1007 είς
328 928 409 996 ἄλλο
429 932 558 994 δίκαιον
575 927 678 1012 μηδὲν
694 926 917 1013 καταφεύγειν
933 930 1126 1017 ἐθέλοντος,

171 1026 222 1095 ότι
240 1023 283 1093 σύ
303 1032 421 1111 στῆσαι
437 1021 503 1112 φῂς
519 1022 637 1110 όρονς,
657 1023 718 1091 σὸν
736 1023 819 1090 εἶναι
838 1025 875 1090 τὸ
896 1032 1035 1109 μυρίους
1058 1026 1127 1113 ἐγω

170 1125 230 1211 μὲν
241 1121 397 1209 οὐδαμοῖς
407 1122 512 1209 οἶμαι·
534 1120 597 1209 την
608 1119 672 1209 γὰρ
683 1120 847 1210 ἀληθειαν
864 1126 1043 1212 σκεπτέον,
1062 1123 1128 1213 ούχ

170 1224 251 1303 όίτις
262 1225 368 1313 ἑαυτῷ
384 1222 634 1308 παρεσκεύασεν
649 1224 831 1308 ἐξεπίτηδες
848 1227 893 1300 είς
910 1219 947 1289 τό
966 1224 1079 1307 λέγειν
1094 1244 1182 1305 um

130 1342 161 1394 14
171 1329 290 1408 δοκεῖν,
304 1322 415 1406 όύσπερ
426 1319 529 1407 ὑμεῖς.
562 1327 672 1389 ἒπειτα
681 1318 718 1388 τό
731 1320 937 1389 δεινότατον·
960 1326 991 1389 εί
998 1323 1055 1390 καλ
1067 1327 1128 1392 δε-

171 1422 313 1501 δωκότες
324 1415 381 1508 ἦτε
394 1419 437 1499 ὡς
448 1421 590 1505 μάλιστα
600 1418 664 1507 την
673 1433 813 1505 προῖκα,
830 1417 874 1505 ἣν
891 1416 932 1486 ού
944 1418 1125 1509 δεδόκατε,

170 1530 218 1600 τίς
234 1519 252 1589 ὁ
270 1521 401 1587 τούτων
417 1529 535 1598 αίτιος;
565 1516 626 1603 ούχ
643 1514 753 1602 ὑμεῖς,
771 1520 840 1586 ἐπεὶ
851 1520 903 1586 ἐπὶ
913 1514 1000 1604 τιλμοὶ
1013 1522 1126 1599 ἔδοτες

171 1617 232 1704 ούχ
242 1617 331 1696 ὅλοις
342 1624 427 1686 ἔτεσι
438 1617 602 1704 πρότερον
619 1619 698 1684 δέκα
714 1613 800 1701 τᾶμά
813 1614 927 1703 λαβὼν
938 1614 1024 1702 εἶχεν
1035 1619 1125 1687 ἐκεῖ·

171 1741 228 1795 νος
244 1709 293 1785 τόν
310 1709 402 1811 (όφλε
418 1713 480 1802 τὴν
499 1719 611 1802 δίκην,
628 1709 827 1801 ἤκηδεστήν
838 1734 891 1781 σοι
901 1717 1077 1799 γενέσθαις
1100 1713 1126 1805 ἢ

171 1814 207 1880 σὲ
217 1813 277 1898 μὲν
289 1817 355 1880 ἔδει
366 1819 569 1898 κομίσασθαι
579 1813 703 1896 πάντα,
716 1810 776 1880 τόν
788 1812 824 1880 δὲ
834 1816 888 1881 καλ
897 1813 1123 1881 καταδικασά-

171 1935 272 1994 μενον
289 1911 343 1976 καί
360 1907 400 1976 δι’
419 1906 584 1994 ὀρφανίαν
600 1907 802 1996 ἠδικημένον
818 1913 874 1979 καὶ
890 1910 1028 1997 προικὸς
1038 1910 1123 2001 ἄλη-

170 2015 269 2094 θινης
287 2003 567 2093 ἀπεστερημένον,
585 2003 627 2074 όν
637 2011 744 2092 μόνον
762 2006 956 2095 ἀνθρώπων
973 2008 1054 2080 οὐδὲ
1063 2020 1122 2098 τῆς

171 2111 348 2194 ἐπωβελίας
359 2106 453 2187 ἄξιον
470 2099 513 2193 ἦν
531 2105 759 2194 κινδυνεύειν,
782 2105 994 2194 ἠναγκάσθαι
1004 2116 1121 2177 τοιαύ-

169 2231 209 2272 τα
231 2214 369 2290 παθεῖν,
396 2207 637 2291 κεκομισμένον
647 2204 723 2292 μηδ’
737 2204 861 2290 ὁτιοῦν,
873 2211 928 2276 καλ
935 2205 1030 2274 ταῦτ’
1042 2207 1120 2277 ἐδό-

170 2314 269 2372 λοντα
286 2319 392 2372 ποιεῖν
408 2302 488 2390 ύμῖν
503 2303 631 2390 αὐτοῖς,
655 2315 686 2373 εί
699 2332 731 2372 τι
747 2313 815 2374 τόν
827 2307 972 2374 δεόντων
982 2305 1120 2393 ἐβούλε-

171 2410 233 2468 σθε
245 2401 415 2485 τρόπεως

586 2729 695 2787 ΧΧΧΙΙ.

255 2874 391 2943 ΠΡΟΣ
413 2879 715 2950 ΖΗΝΟΘΕΜΙΝ
736 2882 1028 2952 ΠΑΡΑΓΡΑΦΗ.

498 3038 822 3110 ναοοαειε’

172 3174 401 3282 Δανειούμενος
417 3174 498 3288 παρὰ
508 3201 662 3286 Δήμωνος,
680 3197 744 3279 ἑνός
754 3210 813 3267 τῶν
825 3205 1038 3286 Δημοσθένους
1048 3222 1119 3285 Μ’

172 3298 273 3371 γενῶν,
285 3292 408 3379 δμπορός
418 3321 470 3376 τις,
482 3303 604 3382 Πρῶτος
615 3292 716 3378 ὄνομα,
729 3298 846 3382 ἐπρίατο
856 3305 909 3363 τού
920 3293 1063 3383 ύργνρίου
1074 3308 1119 3365 σι’·

172 3396 223 3434 τον
238 3376 271 3436 ἐν
286 3375 508 3460 Συρακούσαις,
534 3382 585 3443 καλ
599 3387 704 3445 τοῦτον
720 3378 853 3464 ἐκόμισεν
869 3386 909 3459 εἰς
923 3376 1056 3466 Ἀθήνας
1071 3384 1121 3449 ἐπὶ
