2370 3854
164 217 226 278 104
385 221 456 278 XXI.
488 218 568 278 ΔΗ
571 217 615 277 Μ
620 217 801 278 ΟΣΘΕΝ
807 218 912 279 ΟΤΣ

162 377 197 444 δέ
210 376 363 443 δυοῖν”
318 403 403 462 αντη
413 375 615 460 ταλάντοιν),
627 380 683 444 καί
693 377 952 465 προσετιμήσατε
961 377 1019 459 τὰς
1028 380 1115 467 βλά-

161 472 280 563 βας,“
258 503 298 554 ας
315 478 367 543 ἐπὶ
383 502 423 563 τη
410 483 706 564 καταχειροτονία
723 481 835 563 με’νων
851 476 1064 563 ἐλογίζετο’
1022 487 1177 570 αντῷῠῖτ

106 582 364 660 Ιῖῖγεγενήσθαι
380 572 464 657 πρὸς
482 570 569 660 ὑμᾶς
590 571 781 658 ἅνθρωπος.
815 573 860 655 είς
881 581 943 697 μέγ
965 568 1064 656 ουτος
1081 581 1116 658 ἐξ

162 678 250 741 ι’δίου
261 673 469 760 πράγματος,
492 669 1005 760 ούδεμιῦςῦβρενςπροσούσης,
1028 671 1116 762 ὑπὲρ

162 771 340 838 αὐτοῦτοῦ
358 768 600 857 παραβῆναι
567 795 627 837 τον
644 769 752 855 νόμον
770 771 937 858 τοσαύτην
948 776 1051 840 ἔδωκε
1062 776 1116 840 δί-

162 895 235 955 κην.
270 868 418 946 είκότως·
440 875 538 934 τοῦτο
556 867 621 953 γάρ
639 864 707 934 ἐσθ’
721 865 742 935 δ
757 868 937 954 φυλάττειν
955 867 1114 956 ὑμάςδεῖ,

163 1091 216 1143 τες
227 1064 278 1132 ἀεὶ
289 1063 379 1149 παρά
389 1071 459 1130 τῶν
469 1062 582 1131 ἄλλων
594 1059 735 1151 ὑσπερεὶ
745 1066 1049 1153 παρακαταθήκην,
1071 1064 1117 1152 ἣν

164 1162 306 1247 άπασιν,
329 1161 403 1231 ὅσοι
427 1160 508 1248 μετά
525 1169 588 1230 τοῦ
605 1166 735 1230 δικαίου
752 1161 835 1245 πρὸς
850 1162 937 1249 ὑμάς
954 1169 1116 1250 ἔρχονται,

107 1280 156 1335 178
164 1269 234 1332 σῦν
256 1263 420 1349 ὑπάρχειν
442 1268 502 1331 δεῖ.
542 1261 652 1347 ἕτερος
669 1256 796 1328 ἀδικεῖν
812 1259 888 1328 ποτ’
905 1261 1018 1341 ἔδοξεν
1034 1258 1118 1347 ὑμῖν

165 1362 239 1447 περὶ
249 1357 290 1427 τά
301 1359 477 1442 Διονύσια,
494 1360 550 1426 καλ
560 1355 881 1443 κατεχειροτονήσατ’
895 1355 1000 1424 αὑτοῦ
1012 1381 1117 1440 παρε·

165 1457 343 1541 δρεύοντος
354 1455 491 1543 ἀρχουτι
500 1463 547 1546 τῷ
557 1460 631 1541 νίεῖ,
647 1453 697 1522 ὅτι
706 1459 792 1523 θέαν
802 1455 893 1535 τιυὺς
903 1456 1117 1547 καταλαμβά-

165 1556 413 1642 νοντοςήψατο,
432 1557 588 1640 ἐξείργων
603 1555 639 1621 ἐκ
650 1561 712 1621 τοῦ
721 1553 886 1638 θεάτρου
909 1547 955 1640 ἦν
971 1553 1004 1621 δ’
1017 1547 1118 1634 οὑτος

105 1651 182 1725 17θὺ
196 1661 259 1721 τοῦ
264 1660 436 1739 βελτίστου
447 1652 554 1739 πατήρ
561 1655 792 1738 Χαρικλείδου,
803 1659 864 1720 τοῦ
876 1651 1044 1774 ἀρξαυτος.
1060 1658 1118 1723 καλ

165 1757 248 1840 μέγα
268 1779 290 1837 γ
293 1749 399 1837 ’ὑμῖν
414 1759 494 1819 τοῦτ
497 1748 627 1819 ’ἐδόκει
645 1754 775 1819 δίκαιον
788 1755 875 1836 ἐχειν
895 1748 1117 1839 ὁπροβαλλό-

165 1877 264 1937 μενος
274 1847 437 1936 λεγειν,
439 1850 722 1971 ίκατελάμβανον,
735 1849 905 1939 ἀνθρωπε,
917 1855 1058 1939 θεέαν,ί
1027 1850 1116 1939 εμή

161 1946 251 2027 ’τοῖς
260 1949 487 2071 κηρύγμασιν,
501 1946 543 2028 ὡς
554 1949 597 2016 σύ
607 1975 648 2035 με
661 1974 744 2036 φης,
757 1950 958 2071 ἐπειθόμην,
981 1957 1071 2028 τίνος
1081 1953 1119 2018 ἐκ

160 2045 375 2132 “τιδννόμωυ
386 2045 549 2133 είκύριος,
560 2044 670 2116 καὶΗ
625 2076 643 2115 ο
655 2047 892 2171 άρχμναῦτός;
912 2074 949 2117 το
952 2046 1119 2136 ῖςὺπηρί-

160 2144 253 2226 “ταις
264 2150 420 2232 ἐξείργειν
431 2173 446 2214 ε
447 2153 550 2233 ίπεῖν,
568 2145 630 2216 οὑκ
649 2144 750 2227 αὑτὸς
761 2148 905 2215 τύπτειν.
939 2144 1014 2216 οὐδ’
1027 2146 1118 2215 οῦτα

163 2241 357 2332 “πείθομαι·
380 2245 539 2333 ἐπιβολήν
550 2245 749 2332 ἐπιβάλλειν,
761 2245 869 2314 πάντα
884 2253 1012 2332 μάλλον
1028 2243 1119 2331 πλήν

162 2341 283 2423 ἀὑτὸς
300 2343 453 2426 ἅψασθαι
469 2354 510 2433 τῇ
524 2352 622 2433 χειρί·
651 2343 758 2413 πολλά
775 2345 840 2432 γάρ
861 2343 925 2431 πρό
943 2353 1006 2413 τοῦ
1021 2342 1117 2430 μήτὺ

163 2431 278 2528 “cufim
305 2445 446 2510 ἕκαστον
473 2442 667 2530 ὑβρίζεσθαι
694 2445 913 2528 πεποιήκασιν
940 2447 974 2511 οί
989 2441 1118 2528 νόμοι.”

167 2537 260 2607 ταῦτ’
280 2546 371 2623 ἔλεγε
387 2540 449 2626 μὲν
466 2542 604 2623 ἐκεῖνος,
624 2541 888 2626 ἐχειροτονήσατε
900 2539 931 2608 δ’
944 2536 1052 2627 ὑμεῖς·
1074 2538 1120 2608 οῦ

167 2636 233 2724 μήν
246 2642 403 2722 εἰσῆλθεν
421 2643 467 2716 είς
483 2634 520 2704 τὺ
538 2637 752 2722 δικαστήριον
771 2628 883 2724 οὗτος,
906 2636 976 2707 ἀλλ’
987 2639 1120 2706 ἐτελεύ-

108 2742 159 2797 180
167 2757 245 2821 τησε
256 2735 428 2820 πρότερον.
462 2738 577 2820 ἑτέρον
588 2740 704 2803 τοίνυν
719 2735 740 2803 ὅ
755 2762 790 2803 τε
801 2741 904 2824 δήμος
915 2738 1001 2817 άπας
1019 2762 1121 2805 κατε-

167 2833 400 2920 χειροτόνησεν
411 2831 540 2900 ἀδικεῖν
550 2834 625 2918 περὶ
633 2835 695 2920 τήν
712 2835 830 2922 ἑορτήν
839 2838 895 2903 καλ
907 2833 1000 2922 ὑμεῖς
1010 2841 1120 2904 εἰσελ-

167 2932 276 3001 θόντα
299 2928 511 2998 ἀπεκτείνατε
531 2938 669 3016 τοῦτον,
693 2936 896 3019 Κτησικλέα,
925 2933 976 3001 ὅτι
997 2941 1121 3013 σκῦτος

170 3037 253 3116 ἔχων
270 3028 454 3114 ἐπόμπευε,
478 3028 534 3095 καλ
550 3029 658 3119 τούτῳ
676 3031 816 3116 μεθύων
832 3031 973 3112 ἐπάταξέ
980 3056 1054 3100 τινα
1065 3035 1121 3117 ἐχ-

169 3129 258 3214 θρὸν
274 3123 459 3213 ὑπάρχονθ’
474 3124 565 3217 αὑτῷ
574 3153 581 3166 ·
604 3128 712 3197 ἐδόκει
728 3128 792 3215 γάρ
809 3128 905 3215 ύβρει
921 3133 976 3198 καλ
993 3128 1057 3197 οὑκ
1067 3139 1122 3197 οῖ-

169 3252 217 3315 νςο
228 3225 375 3310 τύπτειν,
387 3221 471 3292 ἀλλά
483 3223 544 3311 τήν
556 3227 610 3293 ἐπὶ
619 3234 676 3312 τῆς
688 3235 820 3312 πομπῆς
838 3228 893 3294 καλ
906 3234 966 3294 τοῦ
976 3227 1123 3313 μεθύειν
1132 3235 1177 3294 57³

169 3325 342 3413 πρόφασιν
359 3321 473 3411 λαβὺν
489 3321 632 3409 ἀδικεῖν,
656 3322 700 3402 ὡς
717 3324 851 3403 δούλοις
866 3325 1035 3411 χράμευος
1051 3340 1125 3405 τοῖς

109 3437 157 3492 181
169 3423 366 3510 ἐλευθέροις.
409 3419 566 3491 ἁπάντων
586 3429 718 3507 τοίνυν,
754 3415 781 3489 ά
800 3420 919 3510 ἀνδρες
937 3422 1125 3512 Ἀθηναῖοι,
