2370 3854
345 298 490 359 ΚΑΤΑ
524 297 767 359 ΜΕΙΔΙΟΤ.
992 298 1033 360 63

77 471 198 530 τοῦτον
209 464 370 544 ἐκδίδοτε,
383 455 466 526 άίλά
478 456 557 535 τούς
567 456 693 542 νόμους
705 455 787 542 ὑμίν
797 455 909 538 αὐτοῖς
919 466 1035 547 βεβαι-

35 568 162 628 mosne.
202 556 284 627 άλίά
305 558 372 644 μὴν
390 558 473 639 πρός
483 582 521 641 με
531 553 568 623 τδ
581 562 750 641 τοιοῦτον,
774 553 1035 644 ὅτι“Δημοσθέ-

78 656 152 746 νης”
176 660 279 744 φησὶν
296 653 506 742 “ὕβρισται,”
532 659 658 733 δίκαιος
675 660 729 722 καί
746 654 859 735 κοινὸς
876 660 931 725 καὶ
949 656 1033 745 ὑπὲρ

78 757 238 826 ἁπάντων
257 755 332 825 ἔσθ’
353 753 494 841 ὁίόγος.
528 752 569 822 οὐ
582 752 646 840 γάρ
660 760 705 832 εἰς
716 757 942 840 Δημοσθένην
953 757 1033 824 ὅντα

78 884 118 944 με
128 855 303 943 ἠσέλγαινε
314 855 421 940 μόνον
431 855 558 940 ταύτην
568 854 630 941 τὴν
647 851 791 941 ἡμέραν,
813 852 897 922 άίλά
915 858 971 924 καί
988 863 1034 935 εἰς

77 955 222 1042 χορηγὸν
233 953 408 1040 ὑμέτερον·
432 961 529 1021 τοῦτο
542 950 574 1021 δ’
588 950 670 1021 ὅσον
683 952 822 1022 δυ’ναται
849 953 976 1041 γνοίητ’
992 950 1035 1021 άν

35 1079 69 1131 32
78 1060 113 1122 ἐκ
124 1059 232 1122 τωνδί.
258 1065 326 1122 ἰστε
339 1054 448 1139 δήπου
457 1047 570 1135 τοῦθ’,
583 1051 634 1120 ὅτι
644 1060 713 1120 τοῖν
723 1062 942 1139 θεσμοθετῶν
953 1054 1035 1120 κου’-

77 1180 144 1221 των
165 1151 279 1220 οὐδενί
299 1152 507 1238 θεσμοθέτης
525 1149 592 1218 ἔστ’
611 1150 735 1237 ὄνομα,
759 1149 834 1218 ἄλλ’
852 1149 1030 1239 ὁτιδήποθ’

78 1252 212 1340 έκάστςο.
236 1247 280 1318 άν
289 1249 350 1336 μέν
361 1258 477 1319 τοίνυν
488 1250 623 1337 ἰδιώτην
634 1249 714 1318 ὅντα
726 1248 798 1318 τινά
811 1248 922 1319 αὐτῶν
935 1249 1033 1338 ὑβρί-

78 1372 120 1439 ση
131 1347 212 1436 τιςῆ
223 1358 333 1428 κακῶς
345 1360 436 1437 είπη,
459 1346 595 1434 γραφὴν
605 1346 734 1434 ὕβρεως
744 1350 799 1415 καὶ
817 1353 912 1434 δίκην
929 1376 1033 1435 κακη-

76 1457 192 1536 γορίας
214 1454 302 1516 ἰδίαν
324 1448 496 1532 φεύξεται,
525 1447 583 1513 έάν
605 1446 641 1514 δὲ
661 1449 888 1532 θεσμοθέτην,
920 1447 1033 1534 ἄτιμος

78 1555 167 1616 ἔσται
179 1547 346 1625 καθάπαξ.
379 1545 433 1612 διά
452 1552 485 1612 τί
491 1574 499 1625 ;
523 1544 573 1612 ὅτι
590 1543 669 1623 τοδς
685 1546 811 1631 νόμους
827 1542 890 1633 ἤδη
902 1544 920 1614 ὁ
933 1556 1031 1614 τοῦτο

78 1654 184 1713 ποιεῖν
195 1649 407 1731 προσυβριζει
418 1646 472 1712 καὶ
483 1641 544 1712 τὸν
553 1641 715 1729 ὑμέτερον
732 1642 847 1713 κοινδν
864 1649 1032 1731 στέφανον

77 1747 133 1812 καὶ
149 1742 187 1812 τὸ
204 1751 262 1829 τῆς
280 1743 408 1823 πόλεως
424 1741 546 1830 ὄνομα·
571 1742 665 1829 ὁμάρ
675 1746 884 1830 θεσμοθέτης
895 1742 1032 1823 οὐδενὸς

35 1862 70 1918 33
79 1842 273 1930 άνθροέπων
284 1840 346 1910 ἔστ’
359 1842 482 1930 ὄνομα,
496 1840 579 1910 άίίοὶ
591 1850 649 1930 τῆς
659 1842 795 1922 πόλεως.
818 1847 872 1912 καί
884 1845 984 1912 πάλιν
994 1869 1032 1929 γε

78 1941 138 2010 τδν
150 1941 302 2028 άρχοντα,
313 1939 413 2010 ταύτὸ
422 1951 532 2026 τοῦτο,
543 1940 604 2010 ἐάν
612 1943 675 2028 μὲν
683 1947 956 2030 ἐστεφανωμένον
966 1969 1032 2010 πα-

78 2042 175 2129 τάξης
185 2038 206 2128 ἢ
217 2051 326 2120 κακοῖς
336 2052 438 2130 είπης,
452 2040 581 2127 άτιμος,
594 2038 652 2108 ἐάν
663 2043 698 2109 δὲ
710 2040 854 2129 ἰδιώτην,
866 2046 933 2130 ἰδίᾳ
944 2039 1031 2111 ὑπό-

80 2145 177 2219 δικος.
202 2142 256 2208 καί
268 2139 310 2208 οὐ
322 2139 428 2227 μόνον
438 2142 512 2227 περὶ
522 2139 651 2208 τούτων
663 2138 749 2208 οὕτω
760 2139 847 2208 ταῦτ’
861 2147 933 2228 ἔχει,
946 2139 1029 2210 ἀλλὰ
1040 2149 1092 2202 525

78 2242 133 2308 καὶ
144 2240 218 2325 περὶ
228 2239 364 2305 πάντων
382 2233 430 2316 οἷς
439 2232 511 2324 άνη
522 2236 616 2316 πόλις
624 2235 698 2304 τινά
709 2235 855 2325 άδειανίί
864 2263 1031 2325 στεφανη-

78 2345 200 2423 φορίαν
211 2336 233 2422 η’
243 2362 317 2403 τινα
328 2333 427 2420 τιμὴν
438 2339 495 2421 δῷ.
526 2333 613 2400 οὕτω
625 2341 741 2400 τοίνυν
751 2337 806 2401 καὶ
817 2335 872 2419 ἐμὲ
885 2342 914 2403 εἰ
923 2336 984 2420 μὲν
995 2341 1030 2403 ἐν

76 2436 190 2511 άλίαις
201 2436 287 2499 τισὶν
299 2431 434 2516 ἡμέραις
444 2430 581 2516 ἠδίκησέ
595 2458 626 2498 τι
641 2431 770 2498 τούτων
780 2436 921 2508 Μειδίας
938 2433 1031 2499 ἰδιά-

32 2553 68 2607 34
76 2560 137 2619 την
154 2531 246 2614 ὄντα,
255 2535 321 2618 ἰδία
333 2533 387 2598 καὶ
399 2535 496 2615 δίκην
506 2539 674 2615 προσῆκεν
686 2528 777 2620 αὐτῷ
787 2531 930 2599 διδόναν
954 2538 984 2599 εἰ
994 2533 1030 2600 δὲ

76 2627 220 2717 χορηγὸν
236 2626 316 2696 ὅντα
333 2627 494 2715 ὑμέτερον
512 2631 700 2716 ἱερομηνίας
720 2628 822 2717 οὔσης
838 2627 946 2698 πάνθ’
966 2629 1029 2698 ὅσα

76 2728 233 2816 ἠδίκηκεν
248 2725 388 2815 ὑβρίσας
404 2735 571 2812 φαίνεται,
590 2733 748 2815 δημοσίας
757 2725 857 2816 ὀργῆς
865 2732 919 2797 καὶ
928 2755 1030 2813 τιμω-

78 2835 150 2913 ρίας
168 2827 295 2905 δίκαιός
307 2830 374 2894 ἐστι
384 2826 574 2912 τυγχάνειν·
603 2827 670 2914 ἅμα
682 2826 747 2914 γάρ
759 2836 804 2917 τῷ
816 2832 1029 2914 Δημοσθένει

76 2922 1028 3013 καὶὁχορηηόςδβρίζετο,τοῦτοδ’ἐστίτῆςπάλεωςὸυομα,

75 3028 129 3093 καὶ
141 3026 177 3092 τὸ
189 3025 321 3103 ταύταις
331 3039 401 3102 ταίς
409 3021 553 3112 ἡμέραις,
560 3021 612 3102 αἰς
622 3023 684 3092 οὐκ
691 3028 791 3093 εὀἰσιν
800 3030 834 3092 οί
840 3025 946 3111 νόμοι.
967 3023 1028 3109 χρη

77 3121 171 3210 δε,’
152 3149 233 3191 οταν
248 3123 309 3208 μὲν
325 3130 468 3209 τιθῆσθε
486 3121 564 3202 τοδς
580 3124 721 3209 νόμους,
745 3122 857 3191 ὁποῖοί
869 3126 955 3200 τινές
967 3128 1029 3190 εἰσι

77 3236 223 3306 σκοπειν,
232 3219 364 3289 έπειδαν
375 3224 411 3288 δε
420 3223 730 3308 θησθε,φυίαττειυ
739 3248 793 3290 και
783 3225 962 3307 χρησθαι
973 3225 1027 3289 και

32 3321 138 3409 δομάρ
151 3318 384 3406 εὕορκαταῦθ’
396 3318 476 3408 υμίν
487 3323 555 3388 ἐστι
566 3348 619 3388 και
609 3321 736 3398 άλλως
748 3325 866 3387 δίκαια.
888 3316 1028 3441 ηνδτης

74 3421 201 3508 βλάβης
218 3419 304 3506 ὑμίν
316 3447 418 3506 νομος
436 3414 597 3508 πάλαι,
574 3448 618 3507 ην
635 3418 654 3487 ὁ
672 3426 730 3505 τῆς
742 3421 904 3504 αἰκίας,
886 3446 929 3503 ην
940 3415 958 3486 ὁ
971 3445 1028 3505 της

76 3517 213 3606 ὕβρεως.
243 3525 273 3586 εἰ
281 3525 395 3587 τοινυν
406 3521 529 3605 απεχρη
542 3545 620 3598 τους
630 3533 697 3597 τοις
708 3523 899 3596 Διονυσιοις
910 3546 942 3585 τι
953 3543 1028 3585 ποι-
