2370 3854
162 190 225 253 402
353 192 475 250 XXXIV.
496 187 914 250 ΔΗΜΟΣΘΕΝΟΤΣ

162 361 261 442 βαιον
277 353 436 439 ἐνέχυρον
459 344 652 416 καταλιπών
668 338 718 414 οἷν
736 353 845 415 πείθει
870 345 956 433 ὑμᾶς
976 355 1111 436 ψηφίζε-

11 492 14 497 -
120 457 153 511 47
164 460 254 521 σθαι.
276 456 347 529 παῖς
360 447 390 517 δ’
402 446 465 517 οάιι
475 443 519 515 ἀν
530 457 580 532 είη
598 445 741 531 ἀτοπον,
760 453 792 516 εί
801 446 906 516 αὑτοῦ
919 456 1115 536 Φορμίωνος

163 548 410 638 ὁμολογοῦντος
426 551 659 631 δανείσασθαι,
682 545 872 630 φάσκοντος
890 544 921 613 δ’
943 544 1114 615 ἀποδεδυ·

163 652 273 733 κέναι,
290 647 328 716 τό
342 646 404 734 μὲν
419 643 693 732 ὁμολογούμενον
711 641 767 712 ὑπ’
780 641 886 714 αὑτοῦ
894 646 1019 715 τούτου
1030 645 1111 714 ἀκυ-

164 774 225 833 ρου
236 747 401 833 ποιήσετε,
412 742 449 813 τό
462 741 494 812 δ’
507 741 824 831 ἀμφισβητούμενον
841 744 962 831 κύριον
979 760 1114 832 ψηφιεῖ·

164 856 242 926 σθε;
262 850 317 914 καὶ
334 843 352 914 ὁ
370 844 432 931 μὲν
447 842 595 930 Λάμπις,
616 834 754 933 βοὺτος
770 844 948 931 σκήπτεται
958 845 1113 932 μάρτυρι,

163 951 299 1029 ἔξαρνος
318 943 498 1028 γενόμενος
518 939 556 1009 τὸ
580 945 613 1020 ἐξ
632 939 733 1027 ἀρχῆς
751 938 795 1021 ὡς
812 941 875 1010 οὑκ
899 941 1060 1030 ἀπείληφε
1074 945 1112 1012 τό

163 1048 318 1130 χρυσίον,
334 1047 401 1109 νῦν
416 1039 456 1108 τά
472 1044 605 1108 ἐναντία
620 1055 795 1127 μαρτυρεῖ·
815 1037 907 1125 ὑμεῖς
924 1041 960 1110 δὲ
976 1042 1116 1128 γνόντες

165 1141 209 1222 ός
220 1139 282 1210 οὑκ
295 1138 445 1228 ἀπείληφ’
458 1142 598 1224 ἐκεῖνος,
616 1137 679 1207 οὐκ
691 1140 762 1209 ἐστὲ
779 1140 945 1226 μάρτυρες
955 1148 1017 1209 τοῦ
1028 1143 1117 1226 πρά-

120 1259 305 1329 λθγματοςς
327 1244 382 1308 καλ
393 1239 457 1308 ὅσα
467 1243 529 1327 μὲν
539 1237 609 1308 εἶπε
626 1240 706 1325 μετὰ
717 1249 775 1326 τῆς
784 1237 942 1327 ἀληθείας
948 1292 958 1325 ,
976 1241 1020 1328 μὴ
1033 1249 1117 1328 χρῆ-

164 1351 227 1410 σθε
239 1347 420 1430 τεκμηρίςο,
437 1336 459 1406 ἀ
471 1337 504 1407 δ’
517 1338 680 1421 ἐφείσατο
694 1338 731 1408 τό
743 1338 902 1429 ὕστερον,
922 1339 1033 1428 ἐπειδὴ
1047 1345 1117 1409 διε-

164 1440 303 1528 φθάρη,
326 1436 502 1522 πιστότερα
518 1437 615 1507 ταῦθ’
628 1437 828 1526 ὑπολάβοιτε
845 1438 942 1522 εἷναις
965 1442 1020 1508 καὶ
1037 1437 1115 1526 μην,

165 1533 193 1607 ό
204 1535 519 1625 ἀνδρεςἏθηναίοι,
532 1538 619 1607 πολὺ
630 1539 837 1624 δικαιότερόν
848 1541 916 1608 ἐστι
932 1552 1000 1619 τοῖς
1012 1542 1044 1619 ἐξ
1055 1536 1117 1623 ἀρ-

164 1647 222 1726 χῆς
239 1641 371 1726 ῥηθεῖσι
382 1642 619 1724 τεκμαίρεσθαι
635 1646 765 1725 μᾶλλον
775 1633 797 1725 ἦ
807 1650 876 1718 τοῖς
897 1638 1040 1723 ὕστερον
1062 1663 1118 1706 τε-

165 1740 400 1825 κταινομένοις.
424 1736 464 1805 τά
480 1735 618 1824 μὲνγὰρ
630 1736 693 1806 οὑκ
710 1740 746 1807 ἐκ
758 1745 985 1824 παρασκευῆς,
998 1734 1063 1805 ἀλλ’
1079 1739 1116 1805 ἐκ

164 1843 222 1922 τῆς
242 1834 399 1921 ἀληθείας
421 1842 527 1922 ἔλεγε,
554 1835 595 1904 τά
617 1835 648 1904 δ’
671 1836 815 1918 ὕστερον
835 1836 1041 1922 ψευδόμενος
1061 1837 1119 1903 καὶ

123 1933 248 2020 ῖῖπρός
264 1931 301 2001 τὰ
321 1931 606 2023 συμφέροναὺτῷ.
639 1933 877 2022 ἀναμνήσθητε
894 1932 938 2020 δ’,
954 1927 982 2001 ά
997 1932 1118 2017 ἀνδρες

163 2034 349 2121 Ἀθηναῖοι,
370 2031 421 2101 ὅτι
438 2029 512 2101 οὐδ’
534 2030 633 2113 αὑτός
651 2031 669 2102 ὁ
689 2032 820 2119 Λάμπις
836 2037 971 2117 ἔξαρνος
987 2034 1117 2117 ἐγένετο

168 2131 211 2213 ὑς
222 2130 284 2201 οὐκ
296 2142 346 2220 εῖη
359 2130 497 2219 εἰρηκώς
508 2131 559 2202 ότι
571 2130 635 2202 οὑκ
647 2130 807 2220 ἀπείληφε
818 2130 855 2203 τὸ
873 2138 1027 2219 χρυσίον,
1047 2129 1114 2198 ἀλλ’

167 2238 271 2301 είπεῖν
281 2231 342 2318 μὲν
354 2228 532 2318 ὡμολόγει,
550 2229 592 2300 οὑ
609 2236 722 2320 μέντοι
738 2230 766 2318 γ’
779 2232 873 2312 ἐντός
891 2228 941 2300 ἀν
951 2228 1057 2299 αὑτοῦ
1070 2237 1118 2299 εί-

166 2346 250 2404 πεῖν.
273 2328 335 2400 οάκ
348 2324 412 2398 οὖν
423 2329 560 2419 ἀτοπον,
573 2338 604 2401 εί
613 2341 670 2418 τῆς
680 2336 811 2401 ἐκείνου
816 2337 998 2418 μαρτυρίας
1007 2326 1044 2398 τό
1056 2322 1118 2415 μὲν

167 2431 251 2516 πρὸς
261 2437 322 2498 τοῦ
332 2427 597 2515 ἀποστεροῦντος
606 2428 977 2514 πιστῶςάκοόσεσθε,τό
991 2426 1023 2496 δ’
1032 2426 1118 2515 ὑπὲρ
1128 2452 1180 2509 922

123 2550 158 2602 50
169 2537 236 2600 τῶν
246 2527 545 2616 ἀποστερουμένων
555 2529 697 2599 ἀπιστον
706 2534 795 2597 δῖναι
807 2527 881 2611 παρ’
895 2524 989 2611 ὑμῖν;
1010 2531 1119 2611 μηδα-

168 2636 252 2716 μῶς,
271 2622 299 2696 ό
315 2627 435 2712 ἀνδρες
452 2633 609 2698 δικασταί.
639 2625 732 2714 ὑμεῖς
748 2628 812 2713 γάρ
829 2630 901 2692 ἐστε
922 2628 957 2690 οί
975 2621 1070 2689 αὑτοὶ
1087 2629 1122 2692 οί

168 2727 227 2795 τόν
243 2730 554 2813 ἐπιδεδανεισμένον
570 2731 606 2795 ἐκ
624 2734 685 2795 τοῦ
701 2729 861 2811 ἐμπορίου
872 2720 978 2790 πολλὰ
991 2720 1119 2808 χρήμα-

168 2850 209 2893 τα
225 2826 360 2903 καὶτοῖς
376 2827 561 2902 δανεισταῖς
578 2820 620 2890 οὑ
639 2821 851 2910 παρασχόντα
867 2817 926 2899 τάς
942 2816 1120 2906 ὑποθήκας

168 2920 306 3011 θανάτῳ
324 2920 546 3009 ζημιοίσαντες
562 2924 819 3009 εἰσαγγελθέντα
837 2925 930 3012 ἐντῷ
942 2920 1052 3009 δήμῳ,
1064 2922 1120 2988 καὶ

168 3030 272 3090 ταῦτα
289 3027 427 3108 τολίτηυ
437 3017 601 3108 ὑμέτερον
616 3022 699 3091 ὄντα
715 3025 772 3090 καὶ
783 3020 908 3105 πατρὸς
919 3023 1120 3106 ἐστρατηγη-

123 3137 159 3191 ο1
169 3121 275 3200 κότος.
296 3118 434 3208 ἡγεῖσθε
450 3119 516 3210 γάρ
532 3121 612 3203 τοὺς
620 3123 794 3202 τοιούτους
804 3119 846 3189 οὐ
856 3118 964 3208 μόνον
974 3118 1054 3198 τοὺς
1065 3122 1121 3186 ἐν·

169 3219 392 3306 τυγχάνοντας
408 3219 550 3310 ἀδικεῖν,
567 3219 651 3292 ἀλλά
668 3226 722 3292 καὶ
740 3231 837 3312 κοινῇ
846 3220 1004 3310 βλάπτειν
1014 3219 1051 3288 τὰ
1062 3221 1121 3304 ἐμ-

171 3318 289 3402 πόριον
300 3316 413 3407 ὑμῶν,
432 3321 575 3401 είκότοος.
611 3326 648 3389 αί
660 3319 726 3407 γάρ
744 3319 896 3406 εὐπορίαι
906 3334 974 3398 τοῖς
986 3322 1122 3404 ἐργαζο-

168 3418 283 3503 μένοις
293 3417 356 3486 οὑκ
369 3416 434 3487 ἀπό
446 3428 515 3488 τῶν
534 3423 790 3507 δανειζομένων,
809 3418 879 3490 ἀλλ’
892 3415 957 3488 ἀπό
974 3423 1044 3483 τῶν
1059 3419 1121 3483 δα-
