2370 3854
260 215 404 277 ΚΑΤΑ
438 216 843 280 ΑΝΔΡΟΤΙΩΝΟΣ.
972 216 1034 280 121

83 387 184 444 λεντον
195 375 337 464 ψήφισμα
348 374 518 462 εἰσάγεσθαι
529 382 560 445 έν
570 405 610 488 τω
599 377 719 492 δήμμ.
745 376 841 492 πρὸς
832 378 902 447 δὲ
873 409 925 448 τον
938 380 1033 448 δεύτε-

81 489 135 546 ρον
153 457 360 567 ἆνεινομικως·
371 443 603 567 παραφέρει
567 490 625 549 γαρ
645 469 695 529 καὶ
716 459 803 541 αὐτὸς
825 468 922 551 ἕτερον
942 464 1035 548 νόμον

84 542 250 654 λέγοντα
219 572 274 631 τήν
289 542 455 632 βονλήν,ἐ
455 543 494 612 διν
511 544 561 626 δόξ
546 553 581 635 ξή
596 555 692 653 καλῶγ
706 553 963 655 βεβοολενκέναιέ
964 577 982 614 ν
993 557 1035 636 τῷ

81 631 181 737 δήμῳ,
194 637 423 712 στεφανοῦσθαι.
452 627 550 737 πρὸς
538 611 572 735 δέ
580 628 648 710 6069
660 629 766 710 ἅλλους
778 633 832 699 66⁰
845 659 1034 743 παραγραφι·

80 724 140 791 κοῖς
156 712 252 799 ἆγωνί
249 721 342 796 ζεται,
366 714 493 800 λέγων’
476 740 521 779 οτι
537 713 603 802 ἅρτι
621 711 676 782 οὐκ
688 713 793 798 α’)’φειλε
803 723 958 803 κρίνεσθαι
969 718 1035 801 περὶ

80 797 200 864 τούτων.

168 885 250 958 Τινὲς
268 874 298 945 δ’
317 884 503 967 ἐπεχείρησαν
520 891 624 948 τοῦτον
639 880 691 950 τὸν
677 881 789 992 “667612
799 889 1034 986 εἰπεῖνπροιγμα-

72 964 167 1074 τικήν
182 960 256 1070 6669
272 962 460 1071 τἰντινρμίαν,
482 963 644 1051 λέγοντες’
628 993 672 1032 οτι
677 964 765 1033 “6606
776 970 827 1033 καλ
838 970 969 1033 ἐνταῦθα
981 964 1036 1032 660

72 1048 183 1134 “νόμοι
198 1048 340 1155 μοῖήονται
351 1045 513 1134 ἆλλήλοιςέ
512 1077 531 1114 ιι
529 1049 799 1160 περιστάσεως,
771 1043 815 1116 ὧν
825 1048 841 1118 6
853 1050 883 1116 εἷ
879 1079 894 1128 ς
904 1053 1035 1159 παραβέ-

73 1133 203 1240 “6666
215 1140 265 1199 δια
275 1160 308 1199 το
307 1141 498 1239 666666662
508 1129 560 1198 τδν
572 1159 683 1238 ετερον.
729 1131 804 1200 6666
816 1135 964 1283 λέγομενί”
947 1161 1035 1201 οτι
1003 1137 1035 1198 έ

79 1227 116 1323 τή
132 1225 321 1318 πραγματική
331 1225 368 1304 τῇ
378 1213 452 1302 πρὸς
464 1212 638 1301 ἀντινομίαν
650 1213 799 1302 οὐδέτερος
812 1222 1034 1319 παραβαίνεται,

79 1299 154 1367 6666
166 1310 333 1407 σκοποῦμεν
343 1309 431 1365 ποῖον
442 1305 490 1362 δεῖ
486 1305 766 1403 παραβαβήναιλ
766 1330 784 1366 ν
804 1305 836 1367 δὲ
851 1311 892 1389 τῷ
910 1300 1036 1410 παρόντι

80 1383 157 1474 λόγῳ
175 1382 228 1489 οὐχ
245 1384 351 1486 οὕτως·
374 1378 494 1458 669
428 1409 560 1490 γαρ
527 1409 587 1447 των
596 1408 697 1465 νομων
698 1367 941 1490 παραβέβαέται,
962 1382 1035 1449 666·

80 1497 143 1553 γων
161 1465 216 1572 τήν
232 1461 391 1551 βουλήν
359 1492 425 1570 τήν
431 1493 472 1552 μη
488 1463 655 1550 πονήσασαν
673 1465 727 1547 τδις
731 1468 869 1574 τριήρεις
878 1496 936 1572 μή
916 1464 1037 1533 αέτεῖν

82 1550 205 1658 δωρεάν.
241 1557 326 1615 τοῦτο
343 1544 425 1615 66’
392 1575 448 1616 ονκ
464 1554 542 1615 ἴδιον
556 1560 760 1637 πραγματικῆς
771 1561 822 1638 τής
832 1548 905 1639 πρὸς
918 1547 1034 1617 οἷντινο·

81 1641 166 1718 μίαν,
180 1629 254 1701 6666
264 1631 356 1740 66669
367 1629 544 1740 ἆντινομέας.

161 1719 268 1823 Ἰστέομ
285 1717 351 1783 66“
335 1744 395 1800 οτι,
418 1714 471 1802 ήνέ
470 1745 509 1783 κα
520 1709 612 1783 δύο
587 1739 642 1784 ωσι
652 1718 835 1825 κατήγοροι,
850 1711 917 1786 ὧνὸ
914 1722 1036 1823 μδνς
996 1717 1036 1795 εἷς

80 1800 232 1889 νεώτερος,
244 1829 260 1869 ο
248 1798 305 1868 66
292 1766 410 1906 έτερές
419 1794 679 1907 πρεσβύτερος,
643 1829 727 1882 οντος
737 1799 921 1908 λαμβάνει
890 1831 945 1887 τήν
955 1827 1035 1887 πρω-

81 1894 217 1992 τρλογίαν
229 1881 303 1952 κατδι
317 1882 415 1992 τιμήν,
430 1908 538 1990 ωσπερ
538 1889 590 1952 καὶ
601 1883 758 1953 ἐνταῦθα
745 1914 761 1954 ο
774 1882 941 2034 Εήκτήμων
952 1891 1036 1970 ἔλαβε

81 1968 137 2076 τήν
153 1967 390 2077 πρωτολογίαν’
371 1997 410 2048 ως
425 1969 654 2076 πρεσβύτερος,
654 1973 705 2037 καὶ
716 1967 819 2037 εἷπε
788 1999 824 2036 τα
834 1977 974 2075 προοίμια
985 1973 1036 2034 καὶ

82 2055 149 2158 τήν
155 2055 333 2121 κατάστασιν
352 2058 402 2120 καὶ
419 2057 505 2160 μέρος
521 2080 551 2119 τι
567 2064 626 2121 τῶν
637 2050 770 2140 ἆγῶνων
803 2051 863 2121 666
875 2054 1035 2158 Διόδωρος,

84 2136 242 2224 ιδιωτης“
218 2169 276 2223 ων,
299 2134 437 2222 έλαβεν’
419 2133 478 2204 οπδ
490 2165 542 2204 τον
529 2135 810 2242 Δημοσθένους
782 2164 835 2203 τον
843 2136 978 2245 παρόντα
989 2135 1037 2200 λό-

83 2251 146 2308 γον.
170 2253 220 2290 και
210 2229 293 2291 ἔστι
306 2226 516 2305 δεντερολογλα,
529 2225 585 2303 ἔχει
596 2217 659 2285 δὲ“
639 2249 660 2284 α
670 2225 829 2306 παρέλιπεν
840 2217 1038 2303 ὁΕαλκτήμωι

161 2458 262 2545 ’Όπερ
273 2455 479 2546 Εὐκτήμων,
492 2447 650 2539 οἷᾶνδρες
661 2455 827 2541 δικασταὶ,
846 2452 968 2522 πολέων
979 2451 1037 2522 ὑπ’
1049 2470 1101 2525 596

80 2564 316 2644 Ἀνδροτίωνος
322 2563 432 2635 κακοῖς
438 2554 506 2642 ἅμα
513 2561 556 2643 τῇ
565 2579 600 2621 τε
607 2553 700 2623 πόλει
705 2561 847 2642 βοηθεῖν
857 2564 959 2623 οῖεται
970 2560 1041 2623 δεῖν

83 2662 139 2725 καὶ
152 2662 247 2743 δίκην
258 2653 342 2739 ὑπὲρ
354 2653 459 2723 αὑτοῦ
471 2660 603 2741 λαβεῖν,
626 2661 725 2721 τοῦτο
737 2651 829 2738 κᾶγοδ
842 2655 1042 2740 πειράσομαι

85 2769 208 2841 ποιεῖν,
232 2754 290 2822 έδιν
311 2754 376 2842 ἄρα
393 2749 463 2832 οἷός
480 2779 515 2821 τε
534 2746 569 2821 6.
602 2756 791 2839 συμβέβηκε
809 2753 844 2821 δὲ
861 2750 968 2822 πολλοὶ
985 2757 1042 2822 καὶ

86 2853 178 2923 δεινοὶ
188 2856 242 2922 καὶ
251 2850 341 2939 παροδ
350 2852 474 2931 πάντας
481 2850 560 2932 τοὺς
579 2851 704 2938 νόμους
719 2848 935 2938 Εὐκτήμονος
944 2848 1042 2939 ὑβρι-

86 2955 212 3039 σμένον
233 2952 355 3021 ἐλάττω
376 2951 472 3020 ταῦτ’
485 2951 569 3020 εἶναι
585 2959 654 3019 τῶν
661 2952 732 3036 ἐμοὶ
748 2954 978 3035 γεγενημένων
995 2945 1039 3015 δι’

82 3056 320 3135 Ἀνδροτίωνος
337 3051 550 3139 πραγμάτων.
584 3042 683 3129 οὗτος
698 3051 760 3134 μέν
776 3074 815 3132 γε
833 3053 879 3125 εἰς
895 3045 1042 3131 χρήματα

87 3145 923 3236 καὶτὸπαρ’ὑμῶνἀδίκωςέκπεσεῖνέπεβονλεύδιγ·
945 3143 1044 3229 ἐμέδδ

89 3249 161 3319 οὐδ’
173 3246 216 3317 ἄν
223 3251 426 3330 ἐδέξατοτοῑν
433 3250 542 3318 ὅντων
548 3246 742 3332 οἷνθροέπων
749 3243 828 3314 0666
836 3239 891 3330 εἷς,
900 3250 930 3311 εί
933 3243 973 3311 τὰ
980 3272 1042 3311 κα-

63 3352 359 3418 ῖτοισκενοισθέντα
365 3346 430 3417 ὑπδ
438 3349 559 3417 τούτου
566 3342 729 3433 παρ’ὑμῖν
735 3341 924 3428 ἐπιστεύθη.
937 3348 1043 3410 alna·

89 3449 232 3536 σοέμενος
244 3449 309 3535 γάρ
320 3475 362 3536 με
374 3444 395 3516 6
405 3449 460 3517 κοιλ
470 3451 579 3533 λέγειν
589 3441 632 3514 δν
644 3442 796 3532 ὀκνήσειέ
803 3468 867 3528 τις,
887 3447 917 3509 ελ
926 3439 972 3526 μή
982 3441 1042 3507 τύ-
