2370 3854
348 193 492 255 ΚΑΤΑ
511 195 727 257 ΛΦΟΒΟῬ
745 200 787 257 A.
980 199 1042 263 311

92 382 194 426 κοντα
209 369 292 443 μναί
307 361 369 423 τοῦ
385 357 542 423 ἐνιαυτοῦ
557 354 707 424 ἑκάστου.
741 361 840 443 χωρὶς
858 358 893 427 δέ
914 361 1044 428 τούτων

93 455 254 541 ἐλέφαντα
265 454 327 541 μὲν
338 457 392 521 καὶ
404 457 553 539 σίδηρον,
566 450 607 520 όν
619 455 882 541 κατειργάζοντο,
893 459 949 526 καὶ
960 462 1042 538 ξόλα

92 559 217 621 κλίνεια
230 559 275 632 είς
286 550 494 638 ὀγδοήκοντα
504 560 590 637 μνᾶς
602 551 695 639 άξια,
717 559 837 640 κηκῖδα
848 557 884 624 δέ
898 559 953 624 καὶ
963 567 1044 643 χαλ-

91 649 154 718 κόν
165 650 392 738 ἑβδομήκοντα
406 656 503 736 μνῶν
514 654 700 738 ἐωνημένα,
723 660 771 722 ἐτι
788 653 819 720 δ’
832 660 940 724 οίκίαν
951 676 1044 740 τρισ-

91 757 220 836 χιλίων,
243 755 363 816 ἒπιπλα
379 749 415 818 δὲ
433 750 488 818 καὶ
504 750 679 836 ἐκπώματα
697 755 754 820 καὶ
768 759 888 840 χρυσία
899 755 954 822 καὶ
966 755 1044 840 ίμά-

91 875 143 916 τια
161 848 216 915 καὶ
232 847 362 933 κόσμον
377 855 436 935 τῆς
455 845 580 934 μητρός
595 848 669 929 άξια
686 851 863 937 σύμπαντα
880 859 983 920 ταῦτα
995 859 1042 932 είς

92 953 211 1032 μυρίας
224 944 387 1035 δραχμάς,
399 945 563 1033 ἀργυρίου
574 946 608 1014 δ’
619 953 719 1018 ἔνδον
730 947 937 1038 ὀγδοήκοντα
947 958 1040 1039 μνᾶς.

48 1063 78 1115 ll
94 1047 148 1115 καλ
159 1055 262 1115 ταῦτα
273 1048 335 1134 μὲν
345 1049 594 1117 οίκοικατέλιπε
608 1049 735 1136 πάντα,
748 1049 928 1118 ναυτικδδ
945 1053 1043 1139 ἑβδο-

93 1143 241 1231 μήκοντα
253 1154 353 1232 μναῖς,
365 1150 500 1214 ἔκδοσιν
516 1143 606 1229 παρά
616 1146 758 1234 Ξούθῳ,
779 1150 956 1232 τετραάοσί
954 1177 991 1229 ας
941 1148 1043 1217 ίδλ

93 1245 148 1311 καὶ
161 1247 282 1329 δισχιλί
280 1272 319 1324 ας
267 1245 382 1313 ίέπὶ
397 1253 439 1331 τῇ
456 1248 596 1332 τραπέζη
612 1271 652 1333 τη
639 1252 852 1331 Πασίωνος,
875 1248 1044 1326 ἑξακοσίας

94 1340 126 1409 δ’
139 1344 191 1409 ἐπὶ
206 1369 246 1430 τη
234 1343 436 1428 Πυλάδου,
460 1341 548 1424 παρά
559 1345 748 1428 Δημομέλει
765 1344 801 1412 δὲ
816 1369 861 1433 τοι
849 1346 1044 1432 ’Δήμωνος

93 1445 159 1507 υίεί
187 1447 292 1525 χιλίας
320 1443 376 1508 καὶ
403 1441 588 1524 ἑξακοσίας,
625 1438 709 1508 κατά
735 1411 903 1521 διακοσίας
929 1443 965 1510 δέ
989 1445 1106 1512 καλ817

93 1545 281 1622 τριακοσιας
291 1566 378 1626 ομου
386 1565 418 1607 τι
428 1539 593 1607 ταλαντον
604 1542 869 1627 διακεχρημενον
897 1543 953 1609 καὶ
962 1567 1045 1609 του-

91 1663 160 1705 των
177 1629 221 1704 αό
237 1646 307 1706 τῶν
321 1640 500 1726 χρημάτων
522 1635 560 1709 τό
584 1640 768 1731 κεφάλαιον
790 1634 934 1707 πλέον
912 1666 933 1725 η
956 1636 1042 1708 όκτώ

92 1736 236 1804 τάλαντα
257 1737 314 1804 καί
335 1737 541 1824 πεντήκοντα
562 1751 645 1824 μναῖ
663 1745 843 1823 γίγνονται.
888 1737 1043 1823 συμπάν·

90 1860 158 1901 των
176 1831 206 1901 δ’
229 1840 274 1913 είς
289 1838 426 1919 τέτταρα
443 1839 499 1904 καὶ
522 1839 601 1904 δέκα
619 1837 766 1905 τάλαντα
790 1833 945 1923 εὑρήσετε
962 1856 1045 1904 σκο-

91 1956 240 2011 πουντες.

49 2047 82 2100 12
174 2036 239 2100 Καὶ
256 2033 292 2100 τό
312 2033 374 2120 μὲν
390 2041 519 2120 πλῆθος
535 2042 593 2119 τῆς
610 2030 826 2112 οὐσίαςτοῦτ’
839 2026 930 2118 ἦντὸ
941 2058 1045 2100 κατα-

90 2133 241 2217 λειφθὲν,
255 2125 414 2215 όάνδρες
432 2136 591 2202 δικασταί.
627 2129 691 2199 ὅσα
707 2127 740 2197 δ’
754 2128 856 2216 αὐτῆς
875 2126 1045 2197 διακέκλε-

90 2252 168 2294 πται
180 2231 234 2295 καὶ
245 2227 310 2296 ὅσα
322 2231 533 2316 ίδίηιὲκαστος
543 2238 659 2314 είληφε
670 2225 839 2296 καὶόπόσα
850 2235 945 2315 κοινῇ
957 2228 1045 2293 πάν-

90 2350 143 2404 τες
156 2322 419 2412 ἀποστεροῦσιν,
443 2323 506 2393 οὐκ
525 2328 688 2412 ἐνδέχεται
705 2323 789 2410 πρός
807 2323 844 2393 τό
857 2323 939 2392 αὐτό
950 2323 1044 2408 ὕδωρ

91 2427 206 2499 εἰπεῖν,
228 2418 297 2490 ἄλλ’
315 2419 444 2509 ἀνάγκη
467 2426 566 2511 χωρὶς
587 2425 727 2491 ἕκαστον
749 2428 871 2491 διελεῖν
891 2424 989 2490 ἐστίν.
1024 2418 1046 2488 6

92 2520 153 2606 μὲν
164 2513 229 2589 οὖν
240 2518 662 2610 ΔημοφώνῆΘηριππίδης
672 2529 784 2610 ἔχουσι
793 2531 863 2592 τῶν
872 2517 1042 2609 ἐμοῖν,τότ’

92 2623 257 2707 ἐξαρκέσει
267 2623 341 2706 περὶ
354 2617 467 2688 αὐτῶν
479 2627 592 2706 εἰπεῖν,
601 2620 683 2690 ὅταν
694 2619 762 2690 κατ’
772 2621 884 2689 αὐτῶν
893 2619 952 2700 τὰς
961 2646 1045 2707 γρα-

92 2719 158 2805 φάς
175 2718 424 2807 ἀπενέγκωμεν·
454 2717 475 2788 6
470 2720 532 2790 δὲ
548 2729 670 2789 τοῦτον
686 2725 803 2808 ἔχοντα
821 2721 1045 2805 ἐξελέγχουσιν

92 2821 211 2886 ἐκείνοι
222 2820 277 2886 καί
288 2820 351 2905 ἐγώ
363 2847 381 2889 ο
383 2817 438 2888 loa
450 2816 555 2888 αὐτόν
567 2819 742 2907 εἰληφότα,
755 2819 830 2904 περὶ
840 2817 970 2884 τούτων
980 2813 1044 2903 ἤδη

91 2917 271 3003 ποιήσομαι
286 2917 364 2997 τοὺς
381 2919 503 3006 λόγους
524 2916 608 3005 πρός
628 2917 725 3005 ὑμᾶς.
760 2939 894 3027 πρωτον
904 2917 966 3000 μὲν
982 2905 1046 2980 οὖν

93 3041 137 3094 ως
148 3015 258 3100 ἔχει
223 3042 283 3101 την
294 3031 432 3104 προῖκα,
449 3045 507 3096 τας
518 3014 724 3103 ογδοηκοντα
735 3039 835 3100 μνας,
859 3006 954 3078 τοῦδ’
966 3007 1046 3094 ὑμῖν
1172 3010 1175 3015 ’

92 3115 257 3198 ἐπιδείξω,
280 3111 361 3198 μετά
380 3115 416 3182 δὲ
435 3122 539 3182 ταῦτα
555 3140 610 3181 και
599 3114 702 3195 περὶ
718 3137 785 3178 των
797 3109 925 3195 ἄλλων,
948 3104 992 3186 οἱς
1003 3102 1047 3174 δν

92 3210 158 3296 ἐγώ
170 3211 321 3296 δύνωμαι
332 3211 388 3279 διά
399 3213 644 3334 βραχυτάτων.

52 3326 84 3380 13
180 3300 288 3387 Οὗτος
304 3307 370 3396 γάρ
389 3309 497 3390 εὐθὺς
512 3307 594 3397 μετά
610 3306 670 3377 τόν
686 3314 748 3375 τοῦ
761 3305 884 3393 πατρὸς
894 3305 1047 3374 θάνατον

95 3396 227 3492 ρίκει
190 3433 252 3495 την
274 3412 385 3476 οἰκίαν
412 3406 574 3477 εἰσελθών
596 3405 680 3476 κατά
698 3433 761 3488 την
777 3408 846 3475 ἐκεί
831 3412 906 3475 ίνου
924 3404 1045 3485 διαδό-
