2370 3854
164 190 228 256 418
370 193 478 251 mv,
499 186 807 251 ΔΗΜΟΣΘΕΝ
816 186 844 246 O
855 186 920 245 ΥΣ

551 371 728 432 ΝΟΜΟΣ

255 514 426 603 [Ἀργύριον
442 518 474 581 δὲ
491 544 531 621 μη
520 512 656 593 ἐξεῖναι
673 507 991 592 ἒκδοῦναιἏθηναίων
1001 511 1125 575 καὶτῶν

212 606 354 707 μετοίκων
370 608 429 666 τῶν
448 595 592 683 Ἀθήνησι
608 593 823 701 μετοικοόντεοη
845 596 965 701 μηδενί,
989 584 1124 675 μηδέων

213 676 294 750 οὑτοι
305 684 405 769 κὺριοί
419 687 501 793 είσιη,
520 687 560 757 είς
570 689 647 745 ναόν
657 679 721 762 ήτις
731 706 770 743 αν
781 707 821 762 μη
810 675 933 780 μέλλη
945 677 1026 755 δέξειν
1039 685 1124 742 σῖτον

210 765 370 872 Ἀθήναζε,
389 794 440 831 και
430 766 543 830 πόλλα
552 792 589 828 τα
576 760 784 872 γεγραμμένα
801 764 866 867 περί
879 756 1051 826 ἕκόστου’
1014 786 1121 834 αντοον.

100 901 102 907 ,
214 849 266 916 ίαν
278 854 311 916 δέ
319 878 363 927 τις
374 853 451 915 ἕκδοο
462 874 543 932 παρα
554 874 648 926 ταυτ
627 841 779 910 εἶναι
748 872 803 928 την
814 844 908 948 φασιν
919 840 1012 909 καί
979 872 1038 948 την
1047 868 1121 909 απο-

212 935 335 1038 γραφήν
350 959 403 998 του
389 913 530 1077 ’ὑργυρί
517 937 564 994 ίου
581 926 655 1012 πρὸς
669 925 737 1005 τοὺς
755 923 940 1031 ἐπιμελητὰς,
959 923 1043 992 καθὺ
1056 930 1123 1033 περὶ

212 1025 264 1120 της
274 1011 346 1092 νεὺς
356 1018 407 1080 καί
417 1023 470 1079 τοῦ
481 1020 563 1079 σίτου
567 1017 700 1116 εἴρηται,
719 1008 794 1117 κμτόι
804 1021 904 1077 ταῦτα.
927 1015 977 1076 καλ
989 1011 1105 1095 δίκη’
1067 1040 1122 1078 αυ-

212 1107 254 1187 τῷ
265 1128 305 1205 μη
294 1095 395 1165 ἕστο)
411 1100 483 1203 περί
488 1105 541 1163 τοῦ
557 1092 653 1181 ὑργυρ
653 1101 716 1177 ίου,
736 1091 753 1159 δ
770 1123 809 1159 αν
818 1097 904 1197 ἐκδῷ
921 1093 1027 1162 όίλλοσέ
1039 1090 1123 1179 ποιή

209 1164 367 1268 ἰίθήναζε
381 1177 483 1265 μηδέ’
466 1209 541 1266 αρχη
528 1176 687 1263 εἰσαγέτω
697 1181 764 1262 περὶ
773 1177 878 1244 τοὺτου
889 1184 1036 1264 μηδεμία]

128 1342 163 1395 ον
252 1317 287 1387 Ὁ
298 1318 490 1405 μὲνυόμος,
513 1307 669 1398 ὑόνδρες
686 1317 852 1400 δικασταί,
875 1313 963 1382 οὑτω
980 1315 1123 1400 χαλεπός

171 1420 275 1485 ἐστιν·
304 1408 399 1485 οὑτοι
419 1413 451 1481 δ’
466 1419 500 1482 οί
517 1412 717 1500 μιαρώτατοι
737 1366 931 1496 ιίνθρόποιν
951 1411 1122 1501 ὑπόντων,
1179 1412 1183 1420 ’

170 1518 402 1601 γεγραμμένον
414 1512 598 1599 διαρρήδην
606 1514 643 1579 έν
650 1519 693 1599 νή
699 1520 879 1601 συγγραφῇ
885 1511 1045 1599 Ἀθήναζε
1056 1513 1124 1581 πιέ-

170 1619 224 1679 λιν
235 1609 329 1696 ήκειν
342 1608 382 1678 τὰ
394 1612 556 1696 χρήματα,
568 1615 614 1687 είς
626 1616 711 1677 Χίον
722 1613 906 1694 ἐπέτρεψαν
916 1618 1125 1697 καταχθῆναι

169 1705 190 1776 δέ
211 1712 421 1777 ἐδανείσαντο
441 1706 634 1794 ’Λθήυηθεν
656 1705 730 1794 παρ’
742 1706 847 1794 ἡμῶν.
889 1711 1125 1794 δανειζομένου

168 1805 233 1894 γὰρ
245 1811 282 1874 ἐν
291 1815 340 1896 τῷ
347 1807 469 1897 Πόντῳ
478 1815 540 1874 τοῦ
550 1806 744 1899 ναυκλήρου
757 1815 819 1874 τοῦ
828 1814 1017 1892 Φασηλίτου
1026 1808 1123 1893 ἕτερα

168 1904 319 1990 χρήματα
337 1904 429 1988 παρά
445 1929 536 1981 τινος
547 1912 632 1971 Χίον
649 1901 852 1990 όνθροόπου,
876 1901 917 1971 οὑ
933 1905 1125 1990 φάσκοντος

169 2004 205 2068 δὲ
215 2008 277 2068 τοῦ
287 2007 373 2068 Χίου
384 2005 565 2082 δανείσειν,
578 2001 638 2068 έδν
651 1998 696 2087 μή
709 1999 890 2088 ὑποθήκην
900 2000 987 2088 λόβη
996 1999 1123 2070 ἅπανθ’

169 2098 217 2168 όιί
230 2093 275 2186 ήυ
293 2101 368 2185 περὶ
385 2097 446 2167 τόν
463 2099 671 2186 ναύκληρον,
697 2101 752 2167 καὶ
769 2101 964 2183 ἐπιτρέπωσι
974 2108 1076 2167 ταῦτα
1090 2104 1127 2167 οί

169 2199 334 2286 πρότερον
351 2201 592 2282 δεδανεικότες,
618 2200 802 2284 ἐπέτρεψαν
821 2204 925 2265 ταῦτα
942 2195 1125 2283 ὑποθήκην

168 2301 327 2383 γενέσθαι
341 2304 387 2386 τῷ
400 2305 469 2387 Χίῳ
481 2295 521 2365 τόι
533 2295 675 2384 ἡμέτερα
687 2300 743 2366 καί
754 2298 875 2382 κόριον
886 2300 1016 2365 ἐκείνου
1026 2302 1124 2381 γενέ-
1132 2314 1183 2371 942

124 2416 160 2471 53
170 2404 251 2463 σθαι
268 2393 443 2480 ὑπόντων,
468 2398 525 2464 καὶ
541 2395 648 2474 οὑτως
665 2394 830 2464 ἀπέπλεον
849 2400 886 2464 ἐκ
902 2403 964 2463 τοὺ
985 2394 1124 2463 Πόντου

168 2491 249 2580 μετόι
271 2502 333 2561 τοῦ
351 2500 541 2581 Φασηλίτου
563 2495 757 2581 ναυκλήρου
778 2496 833 2562 καὶ
855 2490 937 2578 μετόι
958 2499 1019 2559 τοῦ
1036 2500 1124 2561 Χίου

167 2599 229 2659 τοῦ
240 2592 479 2671 δεδανεικότος,
492 2595 547 2660 καί
559 2591 746 2679 ὁρμίζονται
757 2597 794 2660 ίν
805 2597 930 2677 φωρῶν
939 2593 1064 2677 λιμένι,
1076 2599 1123 2670 είς

168 2689 204 2757 δὲ
215 2686 251 2754 ιδ
265 2685 427 2773 ὑμέτερον
437 2690 600 2776 ἐμπόριον
617 2690 677 2775 οὑχ
690 2689 884 2776 ὡρμίσαντο.
913 2690 969 2756 καί
985 2682 1121 2776 νυνί,εό

168 2783 288 2868 ἄνδρες
299 2789 464 2870 δικασταὶ,
484 2785 524 2853 τόι
532 2785 725 2872 Ἀθήνηθεν
742 2788 960 2853 δανεισθέντα
971 2786 1122 2872 χρήματα

169 2880 286 2961 είςτὸν
297 2881 433 2950 Πόντου
450 2887 505 2950 καί
523 2883 625 2950 πόλιν
636 2885 672 2950 έκ
690 2891 751 2951 τοῦ
759 2883 895 2951 Πόντου
904 2882 1063 2969 Ἀθήναζε
1075 2890 1122 2963 είς

124 2989 252 3050 ΜΧίον
263 2985 451 3070 κατηγμένα
460 2985 552 3052 ἐστίν
561 2979 629 3050 ὑπὸ
640 2981 777 3050 τούτων.
806 2979 889 3066 ὅπερ
907 2974 971 3048 οὑν
988 2984 1024 3049 έν
1036 2980 1122 3070 ἀρχῇ

167 3077 342 3201 ὑγπεθέμην
359 3089 422 3149 τοῦ
441 3080 554 3168 λόγου,
572 3079 624 3150 ὅτι
643 3084 698 3149 καὶ
714 3078 808 3166 ὑμεῖς
827 3077 998 3147 ἀδικεῖσθε
1020 3076 1121 3148 οὐδέν

168 3273 288 3361 ἄνδρες
300 3279 466 3362 δικασταί,
485 3286 556 3359 πῶς
573 3283 826 3362 συναδικεῖσθε,
847 3277 982 3346 έπειδόν
992 3303 1041 3356 τις
1051 3283 1121 3344 τοῖν

168 3371 284 3460 νόμων
294 3382 364 3443 τοῖν
375 3372 547 3462 ὑμετέρων
562 3383 721 3460 κρείττων
731 3379 860 3464 ἐγχειρῇ
874 3374 975 3461 εἶναι,
995 3370 1121 3454 καὶτὰς
