2370 3854
117 225 161 288 24
339 228 398 286 XX.
433 225 850 287 ΔΗΜΟΣΘΕΝΟΤΣ

78 384 255 460 λὸπάντωυ
271 383 292 471 ἡ
309 395 378 453 τῶν
394 392 511 470 τειχῶν
528 382 713 464 ἀνάστασις,
746 392 842 473 γνοίη
860 380 892 454 δ’
904 382 1023 471 ἀντες,
1045 390 1078 455 εί

119 491 286 572 παραθείη
303 493 375 564 παῖς
389 490 612 570 Θεμιστοκλῆς
629 480 727 552 ὁτάν
737 482 819 553 καθ’
832 481 953 553 ἑαυτὸν
964 480 1077 555 ἀπάν·

119 609 188 650 των
199 580 335 670 ἀνδρῶν
344 582 555 662 ένδοξότατος
567 579 671 649 ταύτδ
680 581 771 651 τοῦτ’
786 586 949 669 ἐποίησεν.
981 584 1079 669 λέχε-

119 708 173 750 ται
183 688 301 750 τοίνυν
316 683 442 758 έκελνος
456 685 603 765 τειχίζειν
619 679 723 749 είπάν
737 693 806 760 τοϊς
823 686 986 768 πολίταις,
1009 676 1078 750 κάν

121 779 300 866 ἀφικνῆταί
319 805 368 857 τις
389 780 426 845 έκ
447 783 713 865 Λακεδαίμονος,
736 782 884 865 κατέχειν
904 781 1077 865 κελεύσας,

120 888 271 964 οίχεσδαι
290 876 486 964 πρεσβεύων
507 874 608 956 αύτδς
626 876 669 957 ἀς
685 874 765 957 τοδς
781 883 1075 965 Λακεδαιμονίους,
1086 899 1133 957 m

124 976 233 1063 λόγων
250 976 287 1045 δε
296 978 504 1062 γιγνομένων
515 979 597 1060 ἐκεῖ,
619 983 678 1044 καί
684 1002 786 1045 τινων
797 974 1078 1062 ἀπαγγελλόντων

122 1071 343 1160 ὦςἈθηυαῖοι
355 1079 548 1160 τειχίζουσιν
554 1070 751 1160 ,ἀρνεῖσθαι
762 1077 818 1144 καὶ
827 1078 981 1164 πρέσβεις
991 1082 1078 1163 πέμ-

121 1198 197 1242 πενν
207 1174 432 1258 σκεψομένους
442 1171 607 1267 κελεύειν,
631 1173 742 1259 ἐπειδὴ
755 1172 788 1240 δ’
802 1170 863 1260 ούχ
873 1166 958 1259 ἧκον
968 1165 1076 1259 ούτοι,

121 1275 261 1360 πέμπειν
272 1274 404 1358 ἑτέρους
413 1286 596 1358 παραινεῖν.
622 1274 679 1340 καὶ
689 1272 810 1352 πάντες
820 1281 899 1351 ἴσως
910 1269 1076 1358 ἀκηκόατε

77 1369 162 1455 χρδυ
177 1371 304 1458 τρόπον
321 1374 517 1458 ἐξαπατήσω
527 1373 656 1457 λέγεται
664 1374 955 1456 Λακεδαιμονίους.
990 1371 1078 1456 φημὶ

120 1476 237 1540 τοίνυν
253 1470 317 1554 ἔχω’
335 1474 406 1554 (καὶ
417 1468 612 1553 πράςΔιδς,
637 1463 989 1556 ἀάνδρεςἈθηνατοι,
1011 1494 1079 1555 μη-

121 1570 188 1646 δεὶς
204 1568 326 1656 φθόνῳ
336 1565 374 1635 τδ
386 1569 508 1654 μέλλον
519 1567 665 1656 ἀκούση,
687 1567 760 1637 ἀλλ’
775 1565 818 1636 ἀν
829 1559 984 1656 ἀληθδςῇ
995 1586 1079 1635 σκο-

121 1670 251 1750 πείτω),
273 1664 342 1756 όσφ
359 1663 397 1734 τὰ
415 1675 571 1753 φανερῶς
586 1674 648 1735 τού
666 1668 779 1758 λάθρᾳ
797 1683 947 1755 κρεῖττον
963 1668 1023 1735 καὶ
1036 1662 1076 1735 τδ

121 1772 285 1844 νικῶντας
295 1773 358 1833 τού
368 1770 710 1852 παρακρουσαμένους
719 1765 876 1851 πράττειν
887 1764 1003 1834 ὁτιοῦν
1020 1767 1080 1833 ἐυ-

120 1863 312 1949 τιμότερον,
332 1865 480 1954 τοσούτῳ
498 1866 637 1934 κάλλιου
645 1866 791 1934 Κόνωνα
808 1863 849 1934 τά
859 1873 946 1952 τείχη
958 1871 1082 1951 στῆσαι

122 1964 396 2047 Θεμιστοκλέους·
418 1961 436 2031 ὁ
454 1965 515 2048 μὲν
531 1963 596 2050 χάρ
609 1962 743 2051 λαθάν,
769 1961 787 2032 ὁ
802 1966 838 2032 δὲ
847 1963 986 2050 νικήσας
995 1960 1081 2043 τούς

121 2061 334 2140 κωλύσοντας
349 2061 423 2129 αὔτ’
443 2066 605 2150 ἐποίησεν.
639 2061 681 2132 ού
697 2070 814 2131 τοίνυν
831 2062 924 2144 ἀξιον
933 2061 995 2129 τόν
1004 2087 1080 2129 τοι·

121 2169 223 2229 ούτον
240 2157 302 2244 ἀφ’
324 2158 420 2247 ὑμῶν
431 2160 651 2249 ἀδικηθῆναι,
673 2159 746 2230 οὐδ’
761 2167 896 2229 ἔλαττον
906 2174 996 2246 σχεῖν
1007 2166 1081 2227 τῶν

81 2285 86 2293 ·
120 2258 272 2348 ῥητόρων
292 2266 362 2327 τῶν
385 2258 587 2341 διδαξόντων
608 2258 653 2339 ἀς
673 2257 858 2346 ἀφελέσθαι
879 2285 910 2325 τι
927 2255 989 2344 χρὴ
1006 2264 1080 2325 τοδν

120 2362 233 2447 ἐκείνῳ
246 2361 426 2427 δοθέντων.

77 2473 111 2531 75
202 2453 291 2521 Εἶεν.
325 2453 408 2521 ἀλλά
420 2456 541 2540 υὴΔία
552 2458 613 2523 τὸν
623 2461 725 2523 παῖδα
736 2455 796 2523 τὸν
806 2460 957 2541 Χαβρίου
967 2461 1079 2540 περιί-

121 2556 230 2637 δωμεν
247 2548 475 2637 ἀφαιρεθέντα
492 2554 558 2639 την
572 2551 740 2638 ἀτέλειαν,
763 2550 806 2638 ἣν
823 2549 841 2625 ὁ
859 2552 967 2638 πατὴρ
983 2547 1079 2642 αύτῷ

120 2654 252 2728 δικαίως
264 2646 338 2734 παρ’
351 2647 449 2736 ύμοῐν
461 2648 576 2738 λαβιδν
585 2653 767 2718 κατέλιπεν.
790 2646 864 2717 ἀλλ’
880 2647 1002 2718 οὐδένα
1013 2646 1079 2715 ἀν-

118 2750 270 2832 θρώπων
290 2741 330 2817 εύ
352 2748 536 2835 φρονοῦντ’
558 2749 647 2836 οἶμαι
668 2746 761 2817 ταῦτ’
784 2744 827 2816 ἀν
844 2755 948 2834 φῆσαι
965 2754 1079 2825 καλῶς

119 2852 214 2933 ἔχειν.
238 2857 305 2915 ίστε
316 2848 378 2933 μέν
389 2840 452 2915 ούν
463 2858 542 2928 ἴσως
553 2851 607 2917 καὶ
618 2847 702 2916 ἀνευ
711 2855 774 2915 τού
784 2845 864 2933 παρ’
877 2849 960 2932 ἐμοῦ
969 2843 1077 2929 λόχου

120 2942 171 3012 ὅτι
183 2948 363 3023 σπουδαῖος
372 2947 521 3032 Χαβρίας
530 2940 576 3033 ἦν
586 2943 691 3034 ἀνὴρ,
702 2943 744 3014 ού
754 2948 823 3034 μὴν
833 2943 956 3013 κωλύει
965 2940 997 3028 χ’
1012 2939 1077 3011 ού-

119 3047 177 3112 δὲυ
197 3040 281 3129 κάμὲ
299 3045 354 3111 διδ
371 3047 522 3130 βραχέων
537 3049 784 3132 ἐπιμνησθῆναι
798 3050 868 3111 τῶν
883 3046 1078 3129 πεπραγμέ-

74 3152 108 3212 76
119 3167 189 3208 νων
207 3139 308 3227 αύτῷ.
342 3139 384 3209 δυ
393 3141 455 3228 μὲν
466 3134 530 3210 ούυ
541 3139 764 3230 τρόπονῦμάς
775 3148 859 3227 ἔχων
870 3141 952 3226 πρὸς
964 3139 1077 3207 ἀπαν-

117 3267 176 3320 τας
190 3249 482 3330 Πελοποννησίους
502 3241 705 3329 παρετάξατο
728 3245 765 3309 έν
784 3240 924 3327 Θήβαις,
949 3240 1005 3308 καὶ
1028 3234 1076 3315 ἀς

117 3340 305 3427 Γορχύπαν
326 3339 517 3410 ἀπέκτεινεν
533 3345 570 3410 ἐν
582 3346 719 3428 Αἰγίνη,
741 3341 797 3407 καλ
814 3337 877 3407 ὅσα
894 3341 931 3406 έν
943 3335 1075 3425 Κύπρῳ

116 3438 258 3525 τρόπαια
269 3443 383 3527 ἔστησε
396 3445 451 3508 καὶ
461 3438 542 3525 μετά
552 3435 646 3507 ταῦτ’
658 3435 868 3526 ένΑίχύπτφ,
879 3437 934 3503 καὶ
944 3431 996 3502 ὅτι
1007 3440 1075 3500 πά-
