2370 3854
122 219 164 284 64
336 221 408 282 ΧΧΙ.
450 218 866 282 ΔΗΜΟΣΘΕΝΟΤΣ

125 384 246 461 ουντας
256 377 386 448 τούτων
397 375 480 446 κατὰ
492 377 633 456 τούτους
642 375 721 456 τοὺς
737 378 863 466 νόμους
876 385 973 465 δίκην
984 378 1078 447 διδό-

124 507 190 566 ναι,
198 475 300 547 ουδλν
310 473 515 564 ανπροσεδει
523 480 623 544 τουθε
634 501 818 563 τουνομου
837 475 905 547 ἀλλ’
918 476 981 546 οὐκ
994 475 1078 547 αἰπέ·

122 604 192 665 χρη.
227 591 364 664 σημείου
380 579 431 644 δέ·
455 579 579 643 ἔθεσθε
598 573 691 660 ίερὸν
707 578 814 662 νόμον
832 576 925 667 αὐτῷ
940 605 986 667 τφ
974 585 1076 667 θεῷ

123 679 271 761 περὶτῆς
288 680 485 795 ἱερομηνίας.
519 683 553 742 εί
558 700 606 752 τις
616 665 680 741 οὖν
691 671 855 754 κακείνοις
864 690 932 755 τοῖς
943 684 1078 761 προϋπ-

122 776 261 862 οίρχουσι
282 773 398 860 νόμοις
417 776 472 841 καλ
494 770 601 862 τούτῳ
623 778 671 862 τῷ
691 798 751 858 μετ
754 768 929 853 ’έκείνους
945 775 1077 842 τεθέντι

123 878 178 942 καὶ
190 881 271 940 πᾶσι
281 886 348 950 τοῖς
359 879 487 950 λοιποῖς
498 868 566 939 ἔστ’
578 838 727 957 ένοχος,ὁ
740 895 890 952 τοιουτος
896 895 1020 958 ποτερα
1030 871 1075 959 μὴ

125 978 174 1061 δῷ
186 969 240 1039 διὰ
251 979 350 1038 τοῦτο
364 964 567 1056 δίκηνιῖ”καν
579 974 675 1055 μείζω
687 973 758 1056 δοίη
771 974 920 1095 δικαίως;
937 969 1002 1057 έγιὸ
1014 971 1076 1057 μὲν

123 1039 213 1155 οίμαι
228 1074 333 1156 μείζω.

80 1181 114 1236 56
205 1167 400 1256 Λτηγγελλε
411 1173 528 1235 τοινυν
538 1176 586 1246 τίς
597 1192 653 1253 μοι
664 1162 825 1252 περιιοντ
840 1192 946 1235 αυτυν
957 1168 1076 1235 συλλε

124 1295 197 1354 γειν
207 1268 262 1335 καλ
274 1268 511 1335 πυνθάνεσθαι
530 1272 595 1334 τίσι
612 1265 746 1334 πώποτε
757 1268 966 1353 συμβέβηκεν
976 1263 1076 1353 ὑβρι-

124 1374 267 1454 σθῆναι,
289 1367 344 1435 καὶ
355 1369 465 1452 λέγειν
475 1363 616 1445 τούτους
632 1366 688 1434 καὶ
699 1369 887 1452 διηγεῖσθαι
897 1362 1077 1451 πρόςὺμας

122 1467 270 1552 μέλλειν,
294 1461 383 1549 οἷον,
408 1457 566 1548 ὦτ’ίνὸρες
578 1461 765 1551 Ἀθηναίοι,
785 1463 846 1533 τὸν
857 1465 1023 1552 πρόεδρον
1034 1463 1077 1532 ὅν

123 1566 205 1631 ποτέ
212 1582 315 1648 φασιν
327 1566 363 1630 έν
374 1559 455 1648 ὑμῖν
466 1560 531 1630 ὑπὸ
544 1564 741 1649 Πολυζήλου
755 1572 929 1652 πληγῆναι,
948 1559 1075 1632 καὶτὸν

123 1662 336 1748 θεσμοθέτην
356 1658 394 1739 ὃς
410 1665 547 1747 ἔναγχος
566 1660 690 1748 ἐπλήγη
703 1660 765 1749 τὴν
776 1659 955 1749 αὐλητρίδα
970 1659 1076 1747 ἀφαι-

123 1759 359 1847 ρούμενος,καὶ
368 1759 541 1839 τοιούτους
552 1757 655 1846 τινὰς,
665 1756 709 1840 ὡς
719 1756 778 1828 ἐὰν
789 1760 933 1839 πολλοὺς
943 1763 1075 1848 ἑτέρους

124 1856 216 1926 δεινοὶ
228 1857 399 1926 καὶπολλὰ
411 1859 622 1939 πεπονθότας
634 1863 793 1947 έπιθείξη,
815 1852 916 1946 ἧττον
927 1857 1014 1946 ὑμᾶς
1023 1856 1074 1945 ἐφ’
1083 1872 1138 1930 σλλ

78 1967 112 2024 37
123 1952 171 2034 οἷς
180 1952 243 2041 ἐγώ
254 1962 409 2024 πέπονθα
421 1955 668 2044 ὀργιουμένους.
685 1959 756 2044 ἐμοὶ
768 1955 796 2026 5'
809 1951 854 2026 αὖ
864 1955 1072 2042 τούναντίον,

123 2047 281 2138 οἷὸίνδρες
298 2051 484 2143 Ἀθηναῖοι,
503 2061 626 2125 δοκεῖτε
637 2071 745 2125 ποιεῖν
756 2053 801 2124 ἂν
813 2055 962 2139 είκότιος,
981 2063 1072 2139 εἴπερ

122 2161 183 2220 τοῦ
194 2160 292 2241 κοινῇ
301 2160 474 2240 βελτίστου
491 2159 541 2223 δεῖ
557 2159 669 2242 μέλειν
684 2155 773 2242 ὑμῖν.
807 2162 855 2234 τίς
871 2153 936 2240 γὰρ
948 2151 1010 2222 οὐκ
1022 2151 1073 2222 ol·

123 2256 180 2319 δεν
192 2248 288 2337 ὑμῶν
299 2260 361 2321 τοῦ
375 2253 436 2341 μὲν
451 2251 556 2322 πολλοὶ
568 2262 703 2323 τοιαῦτα
720 2260 895 2339 γίγνεσθαι
905 2250 944 2320 τὸ
955 2249 999 2338 μὴ
1012 2277 1073 2319 κο-

121 2349 278 2430 λάζεσθαι
287 2349 366 2430 τούς
377 2354 660 2439 ἐξαμαρτάνοντας
672 2362 778 2421 αἴτιον
788 2347 840 2438 ὂν,
851 2358 914 2419 τοῦ
924 2350 960 2419 55
971 2353 1073 2437 μηδέ-

122 2474 163 2513 υα
175 2444 320 2532 ὑβρίζειν
330 2446 367 2513 τὸ
380 2451 498 2517 λοιπόυ
508 2451 545 2517 τό
557 2456 654 2537 δίκην
670 2448 731 2517 τὸν
748 2450 799 2519 ολελ
816 2457 1006 2536 ληφθέντα,
1028 2445 1072 2534 ἣν

120 2542 295 2629 προσήκει,
319 2544 448 2612 διδόναι
459 2547 566 2632 μόνον
579 2556 684 2614 αἴτιον
695 2542 739 2613 ίίν
750 2547 947 2631 γευόμενον;
971 2545 1072 2630 εἰμὲν

120 2648 237 2710 τοίνυν
251 2638 435 2728 ἀποτρέψαι
452 2644 614 2729 συμφέρει
629 2641 708 2723 τούς
725 2643 862 2727 ἄλλους,
884 2651 1005 2709 τοῦτον
1016 2645 1072 2712 καὶ

120 2736 158 2804 δι’
169 2742 277 2806 ἐκεῖνα
289 2742 478 2826 κολαστέον,
486 2745 541 2808 καὶ
551 2741 679 2827 μᾶλλόν
689 2767 726 2826 γε
738 2740 868 2832 ὅσῳπερ
882 2736 926 2808 ολν
936 2733 959 2829 ᾖ
970 2750 1070 2811 πλείω

119 2837 174 2903 καὶ
186 2843 297 2922 μείζω·
321 2845 351 2905 εί
361 2841 395 2905 55
406 2845 589 2923 παροξῦναι
600 2841 654 2907 καλ
666 2849 785 2907 τοῦτον
796 2842 850 2908 καὶ
860 2838 995 2925 πάντας,
1013 2843 1070 2908 έα-

77 2950 111 3004 38
120 2938 204 3002 τίον
236 2940 282 3002 έτι
301 2942 417 3004 τοίνυν
433 2934 508 3004 οὐδ’
522 2934 641 3024 ὁμοίαν
658 2932 765 3006 οὖσαν
781 2936 887 3026 τούτῳ
905 2936 1069 3018 κάκείνοις

120 3031 322 3120 συγγνώμην
335 3031 529 3122 εὑρησομευ.
552 3046 685 3123 πρῶτον
696 3065 757 3124 μεν
767 3035 830 3123 γὰρ
842 3035 860 3107 5
871 3037 932 3107 τόν
941 3050 1069 3125 θεσμο-

119 3131 378 3215 θέτηνπατοίξας
393 3149 479 3220 τρεῖς
496 3133 560 3220 εἶχε
578 3137 778 3222 προφάσεις,
801 3139 927 3225 μέθην,
951 3145 1067 3226 ἔρωτα,

120 3225 260 3312 ἄγνοιαν
273 3226 378 3297 βιίι
343 3257 380 3298 το
394 3233 534 3313 σκότους
551 3236 606 3303 καὶ
623 3234 745 3315 νυκτὸς
765 3234 802 3305 τὸ
819 3245 954 3324 πρᾶγμα
973 3242 1068 3324 γενέ-

121 3334 211 3392 σθαι.
244 3327 373 3396 ἔπειθ’“
358 3356 376 3397 ο
388 3332 604 3419 Πολυζηλος
588 3361 670 3423 οργη
660 3338 737 3404 καὶ
752 3337 880 3423 τρόπον
892 3345 1068 3426 προπετεία

121 3423 300 3509 φθασας
266 3453 325 3495 τον
336 3428 525 3517 λογισμον
506 3448 663 3521 αμαρτειν
672 3440 809 3522 εφησεν
822 3433 864 3506 οὐ
874 3463 939 3523 γαρ
950 3437 1070 3524 έχθρος
