2370 3854
339 240 478 303 PHEP
505 242 842 309 ΦΟΡΜΙΩΝΟΣ.
1001 240 1065 308 437

111 396 285 487 διιῆιιόατε.
318 395 384 467 κᾶν
397 405 502 466 ταῦτα
514 406 643 485 τιοιῆτε,
661 396 759 468 αὐτοί
765 400 792 468 τ’
804 399 1000 492 εὐορκήσετε
1010 405 1065 471 καὶ

110 502 233 566 τοῦτον
249 500 383 576 δικαίως
403 497 542 581 σώσετε,
563 495 658 577 ἄξιον
677 494 760 566 ὄντα
781 497 823 585 νῆ
844 500 905 568 τὸν
920 508 989 570 Δία
1009 504 1065 569 καλ
1154 581 1158 591 ,

110 593 382 677 δεοῦςᾶπαντας.

62 698 102 755 ⁶2
189 692 379 780 Ἀναλγνεοδι
394 694 508 784 λαβεδν
524 692 636 775 αὐτοῖς
653 694 714 764 τδν
724 696 830 783 νόμον
843 702 898 766 καλ
909 697 966 777 τολς
977 725 1063 784 μαρυ

110 801 226 879 τυρίας
236 798 338 862 τασδί.

352 930 528 992 ΝΟΜΟΣ.
564 932 821 994 MAPTPPIAI.

197 1049 341 1120 0606
353 1052 716 1141 ὅτιδεῑκλείωλέγειν·
736 1055 826 1143 οἶμαι
835 1056 899 1142 γὰρ
909 1055 995 1143 ὑμᾶς
1003 1054 1064 1125 06-

109 1152 168 1217 δλν
177 1146 313 1235 ἀγνοεῖν
323 1157 392 1218 τῶν
403 1157 596 1237 εἰρημένων.
618 1157 711 1239 ἐξέρα
722 1153 759 1221 τὸ
771 1155 873 1241 ὕδωρ.

420 1329 580 1337 ———----
589 1330 677 1337 ..nu-.-
695 1331 708 1336 —
719 1331 736 1338 -ι

516 1430 651 1486 xxxvn.

170 1580 458 1649 ΠΑΡΑΓΡΑΦΗ
480 1582 616 1651 ΠΡΟΣ
642 1584 996 1653 ΠΑΝΤΑΙΝΕΊὈΝ

435 1751 506 1808 ΤΠ
516 1752 542 1810 Ο
556 1752 621 1810 ΘΕ
629 1756 689 1811 ΣΙ
695 1758 730 1811 Σ.

108 1894 325 1978 Πανταίνετος
342 1898 424 1987 παρὰ
438 1902 611 2011 Τηλεμάχου
629 1903 708 1982 τινὸς
726 1904 1059 2011 ἕργαστῆριονμεταλλι-

105 1986 162 2051 κδν
172 1986 205 2049 ἒν
215 1992 381 2095 Μαρωνείᾳ
397 1983 505 2091 (τόπος
511 1980 591 2053 δὲ
554 2015 639 2065 ουτος
641 1998 700 2092 τῆς
707 1987 852 2094 Ἀττικῆς)
865 1993 916 2055 καὶ
926 1987 997 2072 μετὰ
1008 1999 1060 2055 τοῦ

106 2073 298 2157 ἐργαστηρίου
302 2074 467 2174 τριάκοντα
477 2069 529 2136 τὸν
540 2068 672 2175 αριθμὸν
683 2069 829 2150 οἰκέτας’
808 2072 986 2176 ανούμενος,
1005 2079 1058 2137 δα-

106 2151 314 2239 νείζεταιπαρᾶ
322 2153 860 2261 μενΜνησικλέουςταλαντον,τιαρα
848 2159 882 2220 66
890 2159 998 2221 Φιλίου
1007 2160 1057 2220 καλ

104 2242 282 2322 Πλείστορος
293 2241 378 2305 πέντε
388 2240 439 2302 καλ
447 2238 659 2342 τετταράκοντα
661 2248 754 2346 μνᾶς.
776 2244 827 2305 καλ
839 2231 895 2345 ῆν
887 2236 1056 2345 οόνῆτῆςέγ-

103 2325 301 2431 γεγραμμένος
309 2320 519 2428 ὁΜνῆσικλῆς,
529 2327 579 2388 καλ
586 2319 639 2425 τολς
648 2320 726 2400 ὥνᾶς
737 2324 811 2408 εἶχεν
822 2350 918 2399 αυτος.
935 2323 1057 2407 ὕστερον

80 2420 85 2429 ’
104 2408 140 2472 δλ
136 2430 366 2510 ατταιτονμενος
381 2434 414 2472 το
421 2431 574 2509 αργυριον
585 2434 601 2472 ο
588 2401 811 2483 ’Πανταίνετος
819 2410 972 2511 δευτέρους
983 2416 1056 2490 λαμ-

104 2486 190 2575 βάνει
201 2488 429 2593 δανειστὰς,’
397 2517 449 2556 τον
464 2515 494 2554 τε
506 2493 780 2600 παραγραφῆμενον
795 2499 852 2556 νῦν
868 2489 1057 2595 Νικόβουλον

104 2576 157 2639 καλ
168 2570 307 2678 Εὔεργον
312 2602 388 2656 τινα,
402 2576 452 2639 καὶ
462 2572 575 2652 τούτοις
586 2575 775 2683 δττοδήκῆν
760 2580 863 2640 δίδωσι
873 2602 905 2639 το
895 2571 1056 2679 ἐργαστή-

104 2684 172 2763 ριον
182 2661 233 2722 καλ
243 2685 279 2723 τα
267 2653 471 2761 ἆγδροὶττοδα.
491 2669 688 2743 γραμματεῖον
699 2657 775 2723 δὲ’
721 2685 793 2762 ουχ
802 2654 969 2769 μποθῆκῆς,
982 2654 1057 2722 6666

103 2766 237 2829 πραοεοις
255 2739 406 2827 γρολφεται.
441 2769 491 2805 και
482 2745 618 2848 γίνεται
635 2739 767 2850 κρατὴρ
763 2770 813 2808 και
803 2741 986 2847 βεβαιωτὴς
997 2751 1057 2819 τοῖς

104 2830 249 2933 δευτέροις
261 2822 447 2904 δανεισταῐς’
436 2854 452 2893 ο
462 2827 602 2915 πρότερος
613 2824 811 2905 δεδανεικολς
799 2856 815 2895 ο
827 2824 1057 2934 Μνῆσικλῆς,ὃ

102 2908 155 2987 τὰς
172 2906 251 2986 ολνᾶς
268 2916 349 2993 ἔχων.
383 2914 434 2977 καλ
452 2922 594 2993 μισδονσι
604 2941 645 3001 τοι
633 2914 898 2999 Πανταινέτου
860 2941 896 2978 τα
906 2938 936 2976 τε
947 2910 1057 3014 ανδρα
1043 2921 1118 2977 -964

101 3000 181 3098 ποδα
198 2999 248 3061 καλ
259 2996 290 3062 τὸ
303 2994 494 3101 ἐργαστήριον
505 2979 636 3101 Ηλεργος
647 2999 698 3061 καλ
710 3025 726 3063 ο
713 2976 937 3081 ’Νικόβουλος,
960 2994 1000 3071 ὡς
1010 3000 1056 3060 δε-

103 3076 208 3145 στκλται
220 3086 315 3184 δῆθεν
325 3081 474 3164 γεγονότες
485 3074 584 3145 αυτοῦ.
607 3078 747 3145 τοσούτου
760 3081 793 3144 δὲ
803 3085 964 3188 μιοδοῦσιν
986 3077 1056 3143 ὅσον

102 3189 136 3227 το
124 3158 309 3230 δᾶνειον’
276 3189 365 3230 τοκον
376 3166 441 3230 ἔνιοί
440 3189 473 3228 ει.
428 3165 758 3266 ίέδεδανείκεσαν
725 3190 780 3245 μεν
791 3164 848 3268 766
860 3157 1056 3227 ἕκατὸνπὲντε

102 3255 193 3332 μνᾶς,
217 3253 275 3313 ἔδει
292 3250 324 3313 66
342 3244 417 3314 κατὰ
433 3254 523 3349 μνᾶν
528 3246 616 3314 τόκον
626 3245 701 3311 εἶναι
712 3247 883 3352 δραχμήν.
889 3245 992 3310 ἑκατὸν
1002 3238 1056 3311 οὖν

103 3335 209 3398 καλ’
171 3359 256 3398 κεντε
275 3329 416 3437 δραχμὰς
424 3331 585 3438 λαμβάνειν
601 3353 656 3397 συν
658 3334 773 3396 660
797 3334 847 3395 καὶ
863 3322 903 3416 ῆν
920 3337 1004 3394 τοῦτο
1014 3339 1056 3394 τῶ

103 3418 157 3500 μὲν
168 3416 290 3506 ἔργῳ’
256 3443 357 3499 τοκος,
374 3434 415 3503 ’τῳ
402 3415 484 3482 66'
469 3415 590 3502 ονόματι
600 3421 752 3500 μίσθωσις.
785 3413 898 3479 τούτων
906 3395 1055 3498 πραχθέν-
