2370 3854
258 180 400 242 ΚΑΤΑ
421 180 727 242 ΑΡΙΣΤΟΚΡΛ
738 181 882 244 rom
983 180 1044 245 179

90 350 263 430 αφείλετο,
285 345 417 427 ἐκείνην
433 337 497 426 τήν
518 345 630 408 πίστιν
647 339 854 428 βουλήσεσθ’
875 347 1045 440 ἐγειν,ἥν.

89 466 151 526 περ
172 442 253 528 φασὶ
271 437 355 528 πρὸς
369 443 653 525 Λακεδαιμονίους
669 437 744 507 ποτ’
763 445 867 508 εἰπεῖν
877 439 1042 524 Φιλοκρά·

39 565 78 620 ,17
87 568 151 627 την
160 536 420 624 τόνἘφιάλτου·
443 538 499 606 καί
507 534 573 624 γάρ
583 538 714 606 ἐκεῖνόν
724 539 1044 626 φασιν,ἐξαπατω’ν·

86 667 156 709 των
171 666 203 708 τι
221 642 574 723 τοῖυΛακεδαιμονίων
591 638 647 705 καὶ
667 637 913 722 προτεινόντων
933 644 1045 706 πίστιν

85 739 204 826 ήυτινα
214 737 371 825 βοόλεται
382 735 576 823 λαμβάνειν,
589 741 693 805 είπεῖν
703 735 755 804 ότι
765 741 877 805 πίστιν
886 733 931 805 άυ
941 746 1046 805 οῖεται

85 841 245 925 γενέσθαι
256 836 382 924 μόνην,
394 841 425 904 εί
433 839 575 916 δείξειαν
585 834 688 922 ὅπως,
698 832 743 905 άυ
752 834 878 905 ἀδικεῖν
889 835 1044 925 βούλων-

86 965 156 1023 ται,
179 934 223 1022 μή
241 933 461 1023 δυνήσονται,
482 937 553 1003 ἐπεὶ
569 933 621 1004 ὅτι
637 928 671 1021 γ’
691 932 742 1004 dez
764 934 988 1023 βουλήσονται
1003 926 1044 1002 εὖ

85 1163 164 1223 την,
186 1131 231 1205 άν
246 1137 319 1223 ἐμοὶ
328 1142 455 1222 χρῆσθε
466 1133 664 1223 συμβούλῳ,
686 1134 849 1219 φυλάξετε
858 1131 920 1220 τὴν
932 1141 1044 1201 πίστιν

85 1235 298 1322 πρόςτοῦτον
306 1232 367 1302 τόν
375 1239 502 1321 Θρᾷκα,
509 1233 565 1300 καί
572 1229 617 1319 μή
623 1229 833 1319 βουλήσεσθε
841 1235 1045 1300 είδέναιτίνα

85 1329 148 1419 άν,
161 1340 191 1403 εἰ
200 1333 307 1418 πάσης
317 1330 425 1418 άρξειε
439 1329 590 1417 Θράκης,
601 1326 686 1414 πρὸς
696 1329 783 1416 ὑμᾶς
793 1335 886 1415 σχοίη
896 1329 1044 1415 γνόμην.

41 1449 77 1504 18
163 1431 235 1500 ’Ὁτι
245 1436 363 1498 τοίνυν
373 1427 458 1509 ὅλως
469 1426 545 1497 οὐδ’
556 1425 780 1514 ὑγιαινόντων
791 1427 881 1495 ἐστὶν
904 1423 1045 1512 ἀνθρά-

86 1555 162 1599 πων
178 1536 316 1597 τοιαῦτα
330 1527 475 1615 γράφειν
484 1532 681 1614 ψηφίσματα
691 1528 746 1595 καὶ
757 1524 888 1594 διδόναι
897 1530 963 1594 τισί
973 1551 1045 1595 τοι·

86 1629 189 1708 αότας
206 1625 351 1715 δωρεάς,
374 1628 430 1696 καὶ
445 1623 538 1695 τοῦτ’
557 1628 594 1696 ἐκ
609 1631 744 1695 πολλῶν
765 1623 884 1715 όήδιον
905 1632 1041 1710 γνάυαι.

86 1739 155 1798 ἴστε
171 1727 237 1813 γάρ
253 1725 364 1814 δήπου
383 1725 522 1810 πάντες,
545 1717 574 1794 τό
595 1723 715 1812 ἄνδρες
732 1721 920 1810 Ἀθηναῖοι,
943 1731 1042 1794 τοῦτο

86 1824 207 1913 ὁμοίως
224 1826 312 1912 ἐμοὶ,
336 1822 387 1893 ότι
402 1821 464 1893 τδυ
475 1824 591 1892 Κότυν
607 1821 681 1892 ποτ’
700 1826 830 1894 ἐκεῖνον
840 1823 1041 1910 ἐποιήσασθε

84 1931 221 2011 πολίτην
243 1928 348 2010 δῆλον
370 1919 413 2003 ὡς
432 1920 508 1992 κατ’
529 1923 741 1992 ἐκεῖνοντὸν
761 1921 884 2010 χρόνον
915 1919 1040 1993 εὔνουν

80 2022 262 2110 ἡγούμενοι
279 2024 334 2091 καὶ
351 2030 459 2108 φίλον.
492 2023 549 2091 καὶ
565 2021 633 2109 μήν
647 2025 704 2091 καὶ
718 2035 854 2109 χρυσοῖς
864 2021 1041 2107 στεφάνοις

38 2138 73 2194 19
82 2127 315 2210 ἐστεφανοῦτε,
327 2120 390 2190 οόκ
401 2117 455 2208 άν,
467 2119 534 2207 εἴγ’
548 2118 673 2207 ἐχθρόν
683 2118 829 2208 ήγεῖσθε.
851 2117 928 2188 ἀλλ’
939 2117 1039 2205 ὅμως,

82 2222 194 2308 ἐπειδή
213 2218 360 2306 πονηρός
376 2221 432 2287 καὶ
450 2228 544 2297 θεοῖς
561 2217 682 2304 ἐχθρός
697 2211 742 2304 ἦν
752 2220 808 2286 καὶ
817 2217 944 2305 μεγάλα
953 2216 1040 2304 ὑμᾶς

81 2321 204 2406 ήδίκει,
215 2316 295 2395 τούς
306 2314 562 2395 ἀποκτείναντας
572 2318 702 2384 ἐκεῖνον
711 2314 865 2385 Πύθωνα
875 2314 1039 2403 καὶἩρα-

82 2420 235 2504 κλείδην,
256 2412 501 2498 τοόςΑίνίους,
524 2419 658 2494 πολίτας
675 2411 873 2503 ἐποιήσασθ’
886 2411 930 2495 ὡς
941 2412 1038 2500 εόερ-

80 2519 176 2603 γε’τας
186 2517 242 2585 καὶ
251 2527 386 2604 χρυσοῖς
396 2512 574 2601 στεφάνοις
583 2513 841 2601 ἐστεφανώσατε.
864 2520 896 2584 εί
902 2514 943 2603 δή
952 2513 1037 2602 τότε,

80 2613 140 2684 ὅθ’
153 2613 233 2703 ὑμῖν
244 2620 372 2694 οίκείας
384 2618 470 2702 ἔχειν
480 2611 499 2683 ὁ
509 2612 621 2694 Κότυς
630 2614 754 2699 ἐδόκει,
772 2617 898 2700 ἐγραψέ
904 2639 962 2699 τις,
977 2613 1038 2682 ἐάν

80 2742 129 2793 τις
146 2711 326 2802 ἀποκτείνῃ
335 2712 467 2799 Κότυν,
490 2716 628 2782 ἔκδοτον
644 2709 751 2782 αὐτόν
766 2711 868 2800 εἶναι,
893 2712 1039 2800 πότερον
1047 2727 1101 2786 660

79 2810 200 2893 ἐξέδοτ’
221 2808 265 2881 δν
280 2810 343 2881 τόν
352 2812 507 2881 Πύθωνα
524 2815 580 2881 καὶ
596 2809 657 2880 τόν
672 2809 837 2899 άδελφδν,
858 2807 882 2900 ή
898 2811 988 2901 παρὰ
999 2803 1036 2882 τό

79 2911 235 2998 ψήφισμα
256 2920 355 2980 τοῦτο
377 2917 512 2991 πολίτας
533 2915 698 2980 ἐποιεῖσθε
719 2915 775 2981 καί
796 2909 842 2992 οἱς
864 2910 1039 2998 εὐεργέτας

35 3015 223 3098 mnam
232 3016 267 3078 τί
274 3008 542 3096 δ’ςἈλέξανδρον
552 3011 751 3081 ἐκεῖνοντὸν
762 3008 939 3096 Θετταλόν,
950 3004 1035 3096 ἡνίκ’

80 3108 144 3195 εἶχε
160 3113 223 3196 μὲν
238 3109 446 3197 αίγράλωτον
463 3110 567 3196 δήσας
576 3113 781 3196 Πελοπίδαν,
805 3105 927 3196 ἐχθρός
946 3103 978 3175 δ’
992 3103 1037 3187 ὥς

79 3207 190 3290 οὐδεὶς
209 3203 253 3297 ήν
276 3216 449 3298 Θηβαίοις,
468 3208 550 3298 ὑμῖν
574 3207 605 3277 δ’
627 3216 756 3291 οἰκείας
772 3211 911 3279 διέκειτο
927 3207 1036 3288 οὕτως

81 3308 165 3377 ὥστε
176 3307 256 3395 παρ’
268 3306 367 3397 ὑμῶν
377 3311 562 3398 στρατηγόν
573 3315 692 3397 αίτεῖν,
713 3313 885 3397 ἐβοηθεῖτε
895 3306 928 3377 δ’
943 3306 1035 3398 αὐτῷ

80 3410 136 3478 καί
151 3407 252 3478 πάντ’
267 3401 312 3493 ήυ
324 3407 553 3498 Ἀλέξανδρος,
575 3405 753 3497 πρδςΔιὸς
771 3417 803 3477 εί
814 3411 1033 3541 τιςῂέγραψεν,

821 3509 861 3563 n
