2370 3854
129 225 170 286 14
329 231 389 286 XX.
427 225 844 288 ΔΗΜΟΣΘΕΝΟΥΣ

127 385 213 472 ὑμᾶς
231 385 464 474 ἀφῃρημένους
481 382 586 451 αὐτόν
602 387 656 452 καλ
673 384 750 472 μηδ’
769 382 813 454 ἀν
828 388 989 478 μεταδόξῃ
1000 390 1079 461 ποτὶ

127 488 377 572 ψηφισαμένους
387 489 506 566 ἐξεῖναι
517 487 651 563 ὑοῦναις
672 475 722 569 ἀρ’
730 481 877 568 ἀγνοεῖτε
887 485 1081 567 ότιὺαὑτός

127 586 231 671 νόμος
242 577 339 663 οὑτος
348 583 475 653 ἐκεῖνόν
486 580 516 650 τ’
528 579 748 668 ἀφαιρήσεται
758 582 820 668 τήν
829 582 997 669 ἀτέλειαν,
1016 586 1079 655 κύ-

128 708 197 768 ριος
209 679 252 750 ἀν
262 687 405 770 γένηται,
417 686 472 750 καὶ
483 677 579 767 ὑμῶν
589 678 667 758 τοὺς
672 679 746 767 παρ’
760 684 890 750 ἐκείνου
899 693 1080 768 ,σιτηγοῦν-

82 803 116 856 35
126 808 198 860 τας;
220 781 262 849 οὑ
270 782 335 867 γὰρ
341 783 449 868 δήπου
459 780 559 848 τοῦτό
570 805 608 863 γε
620 777 804 866 ὑπείληφεν
810 778 929 865 οὐδεὶς,
936 779 982 859 ὡς
993 785 1078 851 ἐκεῖ·

127 905 185 958 νος
197 878 359 965 ὑπομενεῖ
370 882 475 967 ἑαυτῷ
494 879 556 964 μὲν
568 875 715 962 ἀκύρους
726 877 810 946 εἶναι
822 876 880 957 τάς
896 879 971 963 παρ’
981 879 1078 965 ὑμεῖν

127 975 262 1061 δωρεὰς,
274 976 356 1063 ὑμῖν
368 977 403 1045 δὲ
413 982 524 1063 μένειν
535 976 594 1054 τάς
605 976 681 1060 παρ’
692 980 824 1045 ἑαυτοῦ.
857 976 985 1045 ούκούν
994 980 1078 1065 πρὸς

126 1081 260 1153 πολλοῖς
277 1072 326 1153 οἷς
338 1073 466 1160 ὁνόμος
476 1075 618 1160 βλάψειν
627 1071 715 1160 ὑμᾶς
726 1081 895 1161 φαίνεται,
906 1077 961 1144 καὶ
970 1098 1077 1163 προσ-

127 1180 316 1257 αφαιρεῖταί
342 1200 374 1240 τι
392 1179 460 1239 τῶν
477 1171 698 1258 ὑπαρχόντων
714 1172 788 1260 ήδη.
831 1171 891 1241 εἶθ’
915 1172 1010 1259 ὑμεῖς
1030 1180 1134 1249 ἔπεσε

126 1284 277 1338 σκοπεῖτε
289 1277 319 1338 εἰ
328 1269 389 1356 χρή
401 1279 522 1338 τοῦτον
533 1274 707 1354 ἐξαλεῖψαι,
724 1277 780 1338 καλ
790 1269 832 1338 οὑ
843 1270 944 1338 πύλαι
952 1273 1078 1358 βεβού-

126 1377 264 1446 λευσθε;
284 1366 459 1454 ἀνάγνωθι
470 1367 583 1455 λαβὺν
595 1367 753 1447 αὑτοῖςτά
765 1376 958 1456 ψηφίσματα
964 1369 1005 1437 τὰ
1017 1395 1077 1439 πε-

126 1468 157 1547 ρὶ
167 1473 229 1532 τοῦ
239 1468 426 1546 Λεύκωνος.

454 1623 746 1685 ΨΗΦΙΣΜΑΤΑ.

80 1804 114 1858 35
204 1768 260 1847 Ὡς
272 1768 332 1854 μὲν
344 1767 478 1844 εἰκότως
488 1772 543 1835 καὶ
554 1774 689 1848 δικαίως
698 1770 852 1856 τετύχηκε
863 1778 920 1857 τῆς
931 1768 1076 1851 ἀτελείας

123 1863 197 1948 παρ’
216 1863 313 1950 ὑμῶν
324 1862 340 1931 ὁ
353 1865 510 1951 Λεύκων,
532 1865 691 1952 ἀκηκόατ’
703 1873 740 1937 ἐκ
758 1878 825 1938 των
841 1870 1075 1957 ψηφισμάτων,

125 1956 152 2030 οἶ
168 1961 290 2045 ἀνδρες
306 1966 464 2030 δικασταί.
488 1964 617 2032 τούτων
628 1963 661 2031 δ’
675 1964 834 2035 ἁπάντων
847 1968 969 2055 στήλας
979 1968 1075 2037 ἀντι·

123 2061 276 2146 γράφονς
287 2058 440 2147 ἐστήσαθ’
452 2058 545 2147 ὑμεῖς
556 2060 722 2150 κάκεῖνος,
744 2064 805 2150 τήν
814 2065 876 2151 μὲν
893 2069 930 2133 ἐν
940 2067 1075 2135 Βοσπό-

122 2185 186 2248 ρφ,
204 2159 266 2246 τήν
287 2158 318 2228 δ’
332 2163 369 2228 ἐν
386 2168 549 2246 Πειραιεῖ,
567 2159 629 2248 τήν
646 2161 679 2229 δ’
691 2161 848 2251 ἐφ’Ἱερηῖ.
871 2179 1021 2232 σκοπεῖτε
1032 2165 1073 2251 δή

120 2257 205 2345 πρὸς
216 2258 297 2347 ὅσης
319 2267 435 2340 κακίας
455 2258 648 2349 ὑπερβολήν
668 2259 755 2348 ὑμᾶς
776 2258 794 2330 ὁ
811 2263 913 2349 νόμος
924 2265 1073 2349 προάγει,

121 2356 158 2437 ὃς
181 2357 398 2444 ἀπιστότερον
418 2358 479 2428 τόν
502 2365 610 2446 δῆμον
630 2368 829 2446 καθίστησιν
850 2360 925 2439 ἑνός
944 2360 1074 2444 ἀνδρός.

77 2481 110 2534 37
119 2454 164 2541 μή
176 2453 241 2538 γὰρ
253 2454 356 2522 οἴεσθ’
370 2454 449 2537 ὑμῖν
466 2455 547 2521 ἀλλο
565 2483 596 2520 τι
606 2457 666 2533 τάς
678 2459 797 2540 στήλας
808 2457 940 2523 ἑστάναι
951 2459 1074 2536 ταύτας

119 2548 141 2638 ή
152 2550 283 2619 τούτων
294 2551 430 2618 πάντων
440 2543 490 2617 ὑν
500 2556 588 2635 ἔχετε
598 2548 621 2636 ή
632 2552 799 2617 δεδώκατε
811 2551 1001 2634 συνθήκας,
1021 2551 1073 2628 αἷς

119 2648 137 2716 ὁ
150 2647 211 2735 μλν
220 2649 362 2716 Λεύκων
371 2650 521 2735 ἐμμένων
533 2661 687 2732 φανεῖται
701 2650 757 2715 καλ
768 2662 875 2714 ποιεῖν
885 2645 938 2713 ἀεί
946 2673 977 2712 τι
987 2671 1072 2731 προ-

119 2746 334 2832 θυμούμενος
350 2743 438 2831 ὑμάς
455 2739 512 2829 εὑ,
537 2742 630 2831 ὑμεῖς
647 2743 679 2812 δ’
692 2743 836 2822 ἑστώσας
854 2743 1002 2827 ἀκύρους
1012 2770 1074 2813 πε-

121 2844 303 2929 ποιηκότες,
315 2842 336 2911 ό
346 2842 432 2912 πολὺ
444 2844 633 2929 δεινότερον
643 2852 704 2911 τοῦ
713 2852 887 2912 καθελεῖν·
900 2835 1072 2929 αὗταιγὰρ

121 2940 242 3010 οὑτωσὶ
252 2955 322 3021 τοῖς
336 2945 553 3028 βουλομένοις
562 2941 646 3010 κατὰ
657 2951 716 3028 τῆς
727 2943 854 3020 πόλεως
863 2949 1072 3029 βλασφημεῖν

78 3042 298 3129 ςςτεκμήριον
310 3038 355 3120 σός
365 3041 477 3128 ἀληθή
490 3043 646 3128 λέγουσιν
657 3041 858 3128 ἑστήξουσιν.
895 3043 992 3126 φέρε,
1013 3039 1072 3108 ε’ἀν

121 3140 157 3208 ὑὲ
180 3137 220 3226 δή
244 3142 372 3226 πέμψας
395 3139 440 3219 ὡς
459 3139 545 3226 ήμάς
567 3139 740 3209 ὁΛεύκων
761 3143 867 3230 ἐρωτᾷ
890 3142 925 3204 τί
943 3146 1072 3225 ἔχοντες

121 3239 295 3323 ἐγκαλέσαι
306 3241 361 3307 καὶ
373 3247 405 3307 τί
414 3239 622 3327 μεμφόμενοι
632 3240 693 3327 τήν
704 3239 852 3307 ἀτέλειαν
864 3237 969 3306 αὑτὸν
980 3236 1071 3324 ἀφή-

122 3347 245 3424 ρησθε,
266 3344 299 3404 τί
313 3336 395 3423 πρὸς
411 3346 504 3406 θεαῖν
523 3334 702 3426 ἐροῦμευή
718 3348 750 3405 τί
766 3338 885 3422 γράψει
902 3337 981 3405 ποτὲ
999 3335 1017 3403 ὁ
1032 3337 1069 3403 τό

123 3437 277 3524 ψήφισμα
297 3433 382 3523 ὑπὲρ
402 3436 499 3525 ήμῶν
520 3439 674 3525 μράφων;
700 3435 750 3504 ὅτι
767 3436 807 3522 νή
824 3435 881 3503 Δί’
900 3427 988 3522 ήσαν
1004 3441 1071 3501 τῶν
