2370 3854
329 245 473 304 ΠΡΟΣ
491 243 789 305 ΛΕΠΤΙΝΗΝ.
995 246 1035 309 37

86 413 189 492 ἐρεῖν,
212 405 256 486 ἀς
273 406 332 485 τάς
349 404 480 483 εἰκόνας
491 407 546 471 καί
561 401 624 490 τήν
634 411 762 490 σίτησιν
773 403 836 472 οῦκ
851 404 1037 490 ἀφαιρεῖται

86 504 155 576 τῶν
175 508 362 595 εἰληφότων
382 503 400 573 ό
425 501 535 589 νόμος,
559 500 639 570 οῦδὲ
660 510 718 589 τῆς
739 503 866 583 πόλεως
882 505 919 572 τό
937 512 1036 591 τιμάν

85 605 166 685 τοῦς
176 607 276 684 ὄντας
286 603 413 685 ἀξίους,
432 599 501 670 ἀλλ’
516 607 605 669 ἔσται
616 608 759 688 χαλκοῦς
776 603 906 670 ίστάναι
916 605 972 670 καὶ
985 611 1037 670 σί-

85 725 182 790 τησιν
193 702 324 771 διδόναι
334 704 389 770 καὶ
399 698 466 768 ἀλλ’
481 698 543 769 ὅτι
553 695 597 768 ἀν
607 701 789 787 βούλησθε,
807 699 894 786 πλήν
904 701 1036 769 τούτου.

86 801 151 888 ε’γό
164 801 197 869 δ’
209 799 293 886 ὑπὲρ
311 793 360 869 &v
375 804 436 886 μὲν
450 807 491 886 τῃ
502 798 597 866 πόλει
617 805 826 866 καταλείπειν
847 798 961 886 φήσει,
980 825 1037 866 το-

87 910 189 970 σοῦτο
201 905 303 987 λέγω,
324 899 375 969 ότι
385 895 430 967 ἀν
441 890 490 966 όν
501 896 647 966 ἐδύκατί
655 923 700 988 τφ
713 897 879 983 πρότερόν
888 924 929 983 τι,
942 894 1033 965 τοῦτ’

87 998 269 1087 ἀφέλησθε,
289 1000 344 1066 καί
354 995 412 1077 τάς
422 995 626 1076 ὑπολοίπους
637 994 795 1075 ἀπίστους
805 997 957 1083 ποιήσετε
970 997 1037 1065 πά-

87 1120 147 1178 σας
159 1098 292 1182 δωρεάς.
325 1102 359 1164 τί
366 1094 432 1182 γάρ
443 1101 534 1164 ἔσται
544 1095 739 1180 πιστότερον
754 1092 792 1163 τό
806 1103 865 1181 τής
874 1092 1036 1182 είκόνοςάγΙ

88 1194 149 1281 [τό]
162 1207 219 1282 τῆς
237 1196 393 1281 σιτήσεως
404 1191 426 1280 ή
437 1193 474 1261 τό
487 1202 545 1280 τῆς
555 1192 717 1278 ἀτελείας,
734 1192 778 1279 ἣν
795 1194 961 1282 πρότερόν
970 1215 1036 1262 τισι

31 1303 76 1355 ¹21
87 1297 201 1374 δόντες
220 1293 430 1383 ἀφῃρημένοι
447 1302 624 1378 φανείσθε;
658 1298 705 1358 ἔτι
723 1289 753 1357 δ’
768 1297 798 1358 εί
806 1291 911 1377 μηδὲν
921 1296 1036 1376 ἔμελλε

85 1391 170 1462 τοῦτ’
185 1400 322 1462 ἔσεσθαι
334 1390 503 1474 δυσχερὲς,
516 1387 703 1458 οὐδ’ἐκείυο
715 1396 824 1466 καλιῦς
834 1394 920 1473 ἔχειν
929 1386 1037 1474 ἡγοῦ-

86 1521 161 1578 μαι,
187 1497 232 1569 είς
252 1489 410 1575 τοιαύτην
433 1485 526 1574 ἀγειν
547 1484 700 1574 ἀνάγκην
721 1486 785 1573 τήν
804 1487 903 1555 πόλιν
928 1488 972 1556 δι’
996 1480 1036 1575 ής

86 1590 235 1667 ἅπαντας
256 1593 288 1668 ἐξ
309 1597 385 1656 ίσου
405 1593 475 1655 νῦν
497 1584 609 1654 αὐτῶν
631 1583 761 1666 ἀξιώσει
776 1600 845 1666 τοῖς
860 1584 901 1653 τά
913 1586 1035 1674 μέγιστ’

87 1688 334 1773 εὐεργετοῦσιν,
355 1682 379 1773 ή
399 1684 443 1772 μή
465 1692 563 1754 τοῦτο
587 1694 730 1754 ποιοῦσα
751 1684 848 1772 χάριν
867 1688 955 1753 τιοὶν
972 1683 1035 1754 οὐκ

86 1786 262 1856 ἀποδόσει.
295 1785 450 1872 μεγάλων
469 1786 530 1871 μὲν
552 1778 615 1852 οῦν
636 1782 835 1870 εὐεργεσιῶν
857 1782 931 1852 οὐθ’
956 1781 1035 1870 ἡμῖν
1171 1842 1174 1847 ,

87 1890 249 1974 συμφέρει
272 1890 469 1972 συμβαίνειν
490 1884 649 1963 πολλάκις
667 1881 868 1968 καιρόνοῦτ’
885 1884 1099 1973 ἰσωςρᾆ·49λ
1171 1966 1174 1971 ,

31 1993 76 2044 [22
87 1992 160 2052 διον
173 1993 264 2075 αίτίφ
281 1992 453 2070 γενέσθαι·
474 1994 618 2069 μετρίων
635 1984 670 2052 δὲ
688 1985 743 2052 καί
755 1975 803 2051 όν
813 1987 851 2052 ἐν
861 1984 976 2070 εἰρήνῃ
988 2009 1036 2061 τις

87 2088 141 2152 καὶ
153 2091 300 2172 πολιτείᾳ
318 2080 448 2150 δύναιτ’
465 2076 510 2148 ἀν
525 2079 714 2167 ἐφικέσθαι,
736 2081 883 2167 εὐνοίας,
908 2086 1035 2149 δικαιο-

87 2184 206 2269 σύνης,
220 2185 412 2267 ἐπιμελείας,
424 2189 493 2247 τῦν
502 2181 674 2265 τοιούτων,
686 2184 742 2250 καί
752 2186 935 2268 συμφέρειν
946 2187 1036 2268 ἔμοι-

85 2308 123 2364 γε
135 2281 291 2348 δοκεῖκαὶ
300 2287 418 2365 χρῆναι
431 2279 561 2345 διδόναι
577 2276 748 2364 τάςτιμάς.
788 2284 841 2347 δεῖ
846 2286 963 2346 τοίνυν
977 2306 1036 2365 με·

86 2385 244 2463 μερίσθαι
260 2377 315 2442 καὶ
331 2373 371 2441 τά
383 2383 452 2441 τούν
463 2379 615 2460 δωρεῶν,
638 2373 678 2441 ἵν’
691 2368 732 2461 ἧς
743 2372 886 2458 ἀνάξιος
897 2373 1035 2447 άνὲκα-

86 2497 162 2552 στος
174 2480 346 2559 φαίνηται,
368 2471 494 2558 ταύτην
510 2471 599 2556 παρά
615 2481 677 2540 τοῦ
693 2472 800 2561 δήμου
810 2478 963 2565 λαμβάνῃ
973 2476 1035 2566 τήν

31 2585 76 2638 123
86 2573 223 2660 δωρεάν.
257 2569 341 2640 ἀλλά
355 2569 423 2657 μήν
433 2568 516 2658 ὑπὲρ
528 2563 576 2638 όν
586 2596 624 2656 γε
634 2588 702 2651 τοῖς
713 2572 907 2661 εὑρημένοις
917 2575 974 2655 τάς
984 2602 1035 2643 τι-

85 2673 147 2759 μάς
166 2679 376 2740 καταλείπειν
398 2670 514 2757 φήσει,
537 2673 571 2738 οί
589 2671 652 2756 μὲν
669 2668 758 2740 άπλά
770 2673 861 2742 πάνυ
872 2676 927 2743 καί
938 2673 1032 2743 δίκαι’

85 2772 128 2841 ἀν
140 2782 280 2856 είποιεν,
303 2767 416 2854 πάνθ’,
439 2769 502 2837 ῦσα
523 2777 591 2837 τῶν
602 2768 717 2839 αὐτῶν
733 2771 813 2840 ἕνεκ’
828 2770 940 2852 αὐτοῖς
952 2771 1031 2842 ἔδοτ’

86 2868 301 2955 εὐεργεσιῶν,
324 2867 493 2949 ἀξιοῦντες
504 2874 604 2956 ἔχειν,
628 2873 663 2936 οί
677 2869 713 2966 δὲ
724 2879 910 2957 φενακίζειν
920 2870 981 2941 τὸν
992 2871 1035 2952 ως

86 2974 314 3038 καταλείπεται
325 2969 464 3054 λέγοντά
476 2995 506 3036 τι
514 2967 638 3048 αὐτοῖς.
650 2967 668 3037 ὁ
679 2969 745 3056 γάρ
758 2969 832 3052 ἀξια
843 2981 901 3058 τῆς
911 2971 1035 3040 ἀτελεί-

86 3098 124 3148 ας
136 3061 175 3136 εὐ
186 3071 397 3153 πεποιηκέναι
409 3067 507 3148 δόξας
523 3070 577 3136 καί
593 3066 718 3155 ταύτην
728 3065 803 3154 παρ’
815 3067 912 3155 ύμῦυ
922 3068 1035 3156 λαβών

85 3171 147 3256 τήν
157 3166 256 3254 τιμήν
273 3168 398 3255 μόνην,
419 3164 442 3254 ή
462 3171 554 3247 ξένος
571 3163 594 3255 ή
605 3174 664 3235 καί
671 3194 719 3246 τις
730 3175 880 3254 πολίτης,
902 3165 1035 3236 ἐπειδάν

86 3266 257 3354 ἀφαιρεθῇ
267 3266 409 3352 ταύτην,
430 3264 489 3333 τίν’
499 3271 564 3352 ἔχει
579 3264 699 3352 λοιπὴν
711 3264 850 3353 δωρεάν,
873 3272 1034 3354 Λεπτίνης

86 3363 246 3450 οὐδεμίαν
263 3363 381 3451 δήπου.
414 3363 458 3450 μή
477 3371 594 3432 τοίνυν
610 3364 664 3434 διά
675 3367 736 3452 μὲν
746 3371 807 3432 τοῦ
817 3370 925 3433 τοῖνδε
934 3393 1035 3451 κατη-

85 3478 197 3550 γορείν
210 3460 253 3542 ῦς
264 3462 405 3548 φαύλων
415 3466 563 3544 ἐκείνους
575 3462 734 3551 ἀφαιροῦ,
747 3459 787 3532 δι’
799 3461 822 3530 ά
833 3462 863 3532 δ’
878 3457 923 3530 αύ
933 3487 1033 3531 κατα·
