2370 3854
334 227 470 288 ΥΠΕΡ
498 225 836 288 ΦΟΡΜΙΩΝΟΣ.
999 227 1062 293 431

106 412 209 479 ματα,
231 384 295 456 ὅσα
312 387 542 473 εἰσεπράξατο,
564 384 606 453 ὅσ
610 384 940 475 ἐἰληφεμίσθωσιν,
963 394 1065 460 πλέον

105 480 389 609 ἢτετταράκοντα
410 483 554 552 τάλαντα
576 483 721 571 εἰληφως
741 486 941 573 φανήσεται,
965 490 1064 574 χωρίς

107 575 158 655 τόν
167 574 268 662 οὗτος
279 608 318 650 ευ
305 574 503 669 πεποίηκε,
521 584 575 649 καί
586 608 655 648 των
665 584 845 674 μητρῴων,
867 578 961 653 καί
934 613 983 654 ων
995 584 1061 655 άπὸ

103 690 164 769 τῆς
180 682 339 767 τραπέζης
352 677 488 766 ἔχειν’
448 706 511 749 ουκ
522 677 705 748 ἀποδίδωσι
717 680 818 750 πένθ’
831 680 1062 771 ἡμιταλάντων

58 782 161 857 39καί
177 782 359 861 ἑξακοσίων
373 784 539 865 δραχμων.
570 776 654 847 άλλά
670 807 712 865 υη
703 778 791 848 Δία
807 780 909 849 ταῦθ’
927 780 948 869 ἡ
967 781 1062 860 πόλις

107 884 239 964 εἰληφε,
262 879 317 944 καὶ
335 876 427 945 δεινά
446 881 619 955 πέπονθας
629 875 736 945 πολλά
747 887 1061 964 καταλελειτουρχη-

105 975 183 1055 κός.
216 974 291 1043 ἀλλ’
309 973 332 1042 ά
351 974 412 1061 μὲν
428 978 464 1041 ἐκ
482 984 606 1043 κοινῶν
622 978 840 1062 ἐλειτούργεις
856 977 1062 1063 τῶνχρημά-

104 1100 192 1159 των,
203 1071 247 1141 σό
257 1077 312 1142 καὶ
323 1071 342 1141 ὁ
354 1071 499 1160 ἀδελφός
510 1072 719 1159 ἀνηλώσατε·
739 1073 806 1141 δ’δ’
820 1074 962 1160 ὕστερον
970 1126 979 1157 ,
998 1073 1060 1143 οὐκ

105 1178 197 1241 ἔστιν
207 1169 281 1252 ἀξια
292 1172 336 1258 μὴ
349 1171 401 1240 ὅτι
411 1176 507 1239 δυοῖυ
516 1172 693 1239 ταλάντοιν
704 1174 885 1259 προσόδου,
894 1171 968 1240 ἀλλ’
983 1170 1057 1239 οὐδ’

104 1280 211 1339 εἰκοσι
227 1280 330 1357 μνῶν.
365 1269 469 1358 μηδὲν
485 1263 550 1338 οὖν
567 1267 629 1355 τὴν
644 1271 744 1338 πόλιν
761 1277 870 1355 αἰτιῶ,
891 1269 969 1357 μηδ’
983 1266 1004 1338 ά
1016 1271 1058 1337 σύ

104 1378 174 1439 τῶν
190 1369 299 1438 ὄντων
317 1377 459 1456 αἰσχρῶς
475 1371 531 1436 καί
541 1377 652 1447 κακῶς
664 1366 837 1453 ἀνήλωκας
843 1418 853 1452 ,
877 1366 921 1447 ὡς
931 1365 951 1454 ἡ
963 1369 1060 1445 πόλις

57 1475 239 1555 Λοείληφε,
253 1471 336 1553 λέγε.
357 1472 413 1536 ἵνα
424 1465 455 1534 δ’
470 1472 593 1551 εἰδῆτε,
607 1459 959 1550 ἀάνδρεςἈθηναῖοι,
973 1465 1058 1532 τότε

104 1572 235 1653 πλῆθος
246 1573 315 1634 τῶν
323 1565 500 1652 χρημάτων
511 1558 560 1633 ω’ν
571 1573 700 1651 εἰληφε,
720 1567 775 1631 καὶ
786 1562 845 1643 τάς
855 1569 1059 1646 λειτουργίας

91 1660 144 1743 ,άς
153 1662 434 1751 λελειτούργηκευ,
443 1662 671 1749 ἀναγνώσεται
681 1661 762 1749 ὑμῖν
770 1660 850 1731 καθ’
862 1666 900 1730 ἓν
908 1664 1056 1730 ἕκαστον.

103 1765 188 1850 λαβέ
196 1789 253 1851 μοι
262 1761 300 1831 τό
318 1771 448 1851 βιβλίον
465 1765 556 1830 τουτί
573 1764 628 1830 καί
644 1761 708 1847 τὴν
723 1762 907 1846 πρόκλησιν
923 1759 1059 1845 ταυτηνὶ
1068 1776 1118 1833 957

103 1863 161 1930 καί
170 1861 228 1940 τάς
239 1868 420 1948 μαρτυρίας
430 1866 575 1928 ταυτασί.

176 2035 375 2099 ΒΙΒΛΙΟΝ.
409 2034 686 2096 ΠΡΟΚΛΗΣΙΣ.
721 2031 979 2094 MAPTYPIAI.

54 2184 94 2241 41
191 2165 345 2226 Τοσαῦτα
363 2157 424 2242 μὲν
442 2162 559 2224 τοίνυν
574 2157 724 2241 χρήματα
742 2151 886 2239 εἰληφώς
901 2154 956 2219 καί
978 2153 1056 2236 χρία

102 2263 238 2326 πολλῶν
249 2256 422 2323 ταλάντων
433 2260 533 2341 ἔχων,
556 2246 606 2321 οἷν
615 2251 655 2320 τά
667 2254 729 2339 μὲν
739 2249 819 2337 παρ’
833 2251 993 2332 ἑκόντων,
1015 2248 1055 2316 τά

103 2352 137 2422 δ’
156 2356 193 2422 ίκ
204 2362 272 2423 τάν
285 2359 388 2422 δικῶν
399 2354 599 2436 εἰσπράττει,
623 2349 712 2438 άτῆς
722 2351 916 2438 μισθώσεως
928 2353 987 2428 ἔξω
999 2356 1056 2434 τῆς

102 2456 261 2539 τραπέζης
278 2457 406 2539 καὶτῆς
427 2452 528 2539 ἄλλης
539 2450 669 2535 οὐσίας,
692 2448 735 2538 ἢν
746 2451 896 2518 κατέλιπε
907 2452 1054 2531 Πασίων,

103 2548 262 2637 (ἀφείλετο
280 2555 394 2640 ἐκείνη)
405 2553 459 2619 καί
470 2559 537 2618 νῦν
547 2550 791 2635 παρειλήφασιν
801 2542 910 2632 οὗτοι,
934 2549 989 2614 καὶ
999 2571 1056 2613 το-

104 2646 203 2719 σαῦτ’
214 2647 393 2737 ἀνηλωκώς
404 2646 460 2717 δυ’
472 2645 565 2735 ὖμεῖς
575 2645 757 2733 ἠκούσατε,
780 2643 858 2713 οὐδὲ
869 2641 1054 2712 πολλοστὸν

102 2751 202 2835 μέρος
212 2755 280 2816 τῶν
292 2747 485 2833 προσόδων,
495 2744 540 2833 μη
552 2743 681 2813 ὅτιτῶν
692 2742 848 2830 ἀρχαίων,
861 2741 975 2822 εἰςτὰς
987 2751 1056 2810 λει-

102 2852 274 2932 τουργίας,
298 2844 388 2932 ὅμως
408 2843 661 2925 ἀλαζονεύσεται
682 2846 738 2912 καί
760 2849 970 2964 τριηραρχίας
990 2844 1060 2927 ἐρεῖ

52 2946 157 3023 mal
166 2951 328 3032 χορηγίας
350 2941 496 3070 ἐρωδ,’
473 2969 518 3022 ως
527 2941 639 3029 μὲν
599 2969 661 3011 ουκ
673 2941 786 3028 ἀληθῆ
796 2949 877 3009 ταῦτ
874 2939 970 3025 ’ἐρεῖ
981 2943 1056 3005 ἕπε’-

101 3045 207 3129 δειξα,
230 3042 320 3130 οἶμαι
337 3046 465 3130 μέντοι,
488 3037 707 3109 κάνείταυτα
720 3041 806 3106 πάντ
809 3037 1054 3157 ’ἀληθῆλέγοη
1128 3128 1134 3139 Ι

101 3140 241 3209 κάλλιον
262 3138 347 3209 εἶναι
368 3145 423 3209 καλ
437 3139 650 3263 δικαιότερον
665 3134 799 3205 τονδε’
780 3134 844 3203 απὸ
863 3161 932 3204 των
948 3131 1055 3201 αὑτοῦ

100 3246 305 3361 λειτουργεῖν
326 3236 406 3326 ὑμῖν
430 3268 451 3359 η
482 3238 589 3328 τοότω
607 3232 778 3314 δόντας
742 3235 930 3358 τατοάτρυ,
953 3229 1053 3319 μικρά

101 3364 169 3407 των
184 3338 321 3406 πάντων
337 3335 461 3417 αότούς
476 3337 713 3424 μετασχόντας,
733 3332 883 3402 τόνδε
848 3360 909 3420 μεν
926 3334 964 3399 ἐν
984 3344 1053 3408 ταῖς

100 3437 250 3523 ἐσχάταις
266 3440 407 3513 ἐνδείαις
422 3433 524 3523 ὁρᾶν,
547 3444 668 3505 τοῦτον
686 3430 719 3502 δ’
738 3429 917 3521 ὑβρίζοντα
935 3431 989 3500 καί
1007 3433 1054 3508 εἰς
