2370 3854
122 194 184 258 422
307 199 429 256 XXXVI.
466 193 885 255 ΔΗΜΟΣΘΕΝΟΥΣ

98 395 113 448 7
197 352 259 426 ‘'Ov
278 356 338 443 μὲν
355 363 470 424 τοίνυν
486 354 613 440 τρόπον
631 351 651 439 ή
670 360 833 440 μίσθωσις
849 358 994 442 ἐγένετο,
1017 381 1079 442 με·

122 455 327 543 μαρτύρηται
346 452 428 540 ὑμίν
445 450 503 520 ὑπ’
525 451 630 520 αὐτοῦ
645 459 708 520 τοῦ
718 455 982 539 ἐπικαθημένου·
1004 457 1078 522 ἐπι·

121 555 300 640 γενομένης
312 551 347 619 δὲ
358 550 542 637 ἀρρωστίας
552 558 600 641 τῷ
609 557 760 618 Πασίωνι
769 550 850 637 μετά
862 559 984 638 ταῦτα,
997 553 1078 620 σκί-

121 649 229 727 ψασθ’
249 649 271 718 ἀ
288 654 426 717 διέθετο.
457 650 537 737 λαβὲ
551 657 610 736 τῆς
627 651 792 737 διαθήκης
811 649 848 719 τό
867 649 1077 738 ἀντίγραφον

120 752 176 819 καὶ
185 749 248 836 τήν
258 749 442 834 πρόκλησιν
451 751 588 834 ταυτηνὶ
600 752 653 817 καλ
664 747 722 826 τάς
733 754 915 835 μαρτυρίας
925 751 1074 834 ταυτασὶ,

121 848 200 933 παρ’
213 842 262 925 οἷς
273 853 309 914 αί
319 851 477 932 διαθῆκαι
487 862 621 914 κεῖνται.

181 1020 404 1082 ΔΙΑΘΗΚΗ.
437 1019 715 1082 ΠΡΟΚΛΗΣΙΣ.
749 1021 1008 1084 ΜΑΡΤΤΡΙΑΙ.

93 1179 111 1232 8
200 1139 328 1225 Ἐπειδὴ
340 1138 629 1209 τοίυυυὸΠασίοιν
640 1145 876 1229 ἐτετελευτήκει
884 1151 989 1213 ταῦτα
998 1148 1074 1214 δια-

119 1245 278 1325 θέμενος,
301 1246 458 1325 Φορμίων
474 1236 589 1308 οὑτοσὶ
604 1240 666 1327 τῆν
681 1245 742 1327 μὲν
757 1255 899 1327 γυναῖκα
910 1242 1073 1330 λαμβάνει

119 1339 202 1406 κατά
221 1339 284 1424 τήν
300 1339 483 1424 διαθήκην,
505 1336 566 1406 τόν
583 1343 618 1407 δὲ
629 1345 729 1408 παῖδα
740 1341 969 1425 ἐπετρόπευεν.
1009 1339 1073 1428 ἀρ-

120 1439 279 1519 πάζοντος
296 1441 332 1504 δὲ
350 1437 471 1505 τούτου
489 1440 544 1507 καὶ
555 1437 660 1506 πολλοὶ
672 1436 737 1506 ἀπὸ
748 1446 873 1506 κοινῶν
884 1438 1073 1508 όντωντοῖυ

119 1537 297 1624 χρημάτων
307 1535 497 1604 ἀναλίσκειν
508 1541 663 1622 οἰομένου
675 1540 760 1623 δεῖν,
774 1537 978 1624 λογιζόμενοι
988 1535 1073 1624 πρός

120 1635 302 1713 ἑαυτούςοί
311 1638 479 1718 ἐπίτροποι
490 1634 556 1721 ὅτι,
574 1641 606 1702 εί
614 1636 724 1721 δεήσει
733 1635 816 1703 κατά
826 1633 885 1714 τάς
896 1634 1071 1723 διαθήκας,

120 1732 172 1804 όσ’
188 1730 232 1803 ἀν
243 1725 340 1812 οὗτος
351 1737 387 1802 ἐκ
398 1741 521 1800 ποινοίν
531 1741 600 1801 των
610 1734 788 1820 χρημάτων
799 1733 972 1821 ἀναλόση,
990 1735 1072 1803 τού-

119 1860 197 1910 τους
212 1833 381 1912 ἐξελόντας
398 1832 579 1918 ἀντιμοιρεὶ
595 1831 635 1900 τά
652 1833 751 1900 λοιπά
762 1837 890 1919 νέμειν,
912 1829 988 1899 οὐδ’
1001 1831 1073 1900 ότι-

119 1939 183 1998 οὕν
199 1937 289 1999 ἔσται
299 1929 431 2015 περιόν,
454 1938 631 2015 νείμασθαι
642 1929 682 1997 τά
693 1930 774 1998 όντα
786 1930 869 2013 ὑπὲρ
880 1938 942 1998 τοῦ
952 1927 1115 2012 παιδόςρλ

94 2035 277 2116 ρέγνωσαυ.
299 2031 353 2097 καί
364 2029 589 2117 νέμονταιτήν
597 2027 702 2114 ἀλλην
711 2024 830 2095 οὐσίαν
839 2027 927 2114 πλὴν
937 2021 986 2096 τόν
995 2031 1074 2117 ἐμε-

119 2135 267 2215 μίσθωτο
291 2126 419 2196 οὑτοσί·
441 2127 570 2196 τούτων
592 2129 628 2196 δὲ
649 2134 706 2214 τῆς
723 2128 894 2215 προσόδου
914 2124 975 2214 τήν
995 2125 1073 2214 ,ῆμί-

120 2250 213 2295 σειαυ
232 2227 341 2315 τοότφ
365 2224 576 2294 ἀπεδίδοσαν.
611 2225 687 2314 ἀχρι
707 2226 770 2313 μὲν
791 2218 855 2294 οὖν
870 2225 993 2294 τούτου
1009 2235 1073 2296 τοῦ

118 2328 242 2414 χρόνου
253 2333 323 2406 πῶς
334 2324 439 2393 ἔνεστ’
451 2329 600 2411 ἐγκαλεῖν
611 2324 702 2415 αὐτῷ
712 2322 923 2410 μισθόσεωςς
947 2320 989 2392 οά
1005 2322 1071 2410 γὰρ

119 2435 200 2510 νῦν,
223 2423 307 2493 ἀλλά
328 2423 397 2492 τότ’
416 2422 522 2504 εάθύς
538 2428 604 2492 ἔδει
619 2430 860 2511 χαλεπαίνοντα
877 2428 1069 2509 φαίνεσθαι.

117 2523 171 2589 καὶ
183 2521 249 2609 μήν
260 2520 338 2591 οὐδὲ
349 2521 406 2602 τάς
416 2526 648 2610 ἐπνγευομέυας
659 2524 840 2610 μισθώσεις
851 2518 894 2600 ὡς
904 2517 966 2589 οάκ
975 2517 1072 2591 ἀπεί-

76 2640 105 2690 10
118 2630 224 2707 ληφεν
236 2619 304 2690 ἔστ’
317 2627 422 2690 εἰπεῖν
432 2620 531 2708 αὐτῷ.
555 2621 596 2690 οά
608 2622 671 2708 γὰρ
686 2621 728 2690 ἀν
741 2646 836 2705 ποτε,
853 2618 964 2707 ἐπειδή
978 2625 1072 2689 δοκι-

118 2721 305 2803 μασθέντος
323 2723 528 2797 Πασικλέους
549 2720 770 2805 ἀπηλλάττετο
790 2726 847 2805 τῆς
874 2717 1072 2805 μισθώσεως

118 2814 191 2900 ὅδε,
218 2813 363 2900 ἀφήκατ’
385 2812 429 2881 ἀυ
450 2814 555 2884 αὐτόν
576 2814 821 2884 ἁπάντωντῶν
843 2818 1068 2906 ἐγκλημάτων,

117 2910 201 2981 ἀλλά
218 2908 289 2979 τότ’
306 2906 349 2979 ἀν
360 2922 556 3001 παραχρῆμα
566 2912 734 3003 ἀπητεῑτε,
757 2923 789 2983 εί
796 2941 827 2982 τι
838 2916 1071 3000 προσώφειλεν

117 3009 205 3098 ὑμίν.
240 3006 284 3090 ὡς
299 3018 415 3080 τοίνυν
424 3008 520 3079 ταῦτ’
531 3010 642 3101 ἀληθῆ
653 3016 754 3099 λέγω,
776 3015 831 3081 καὶ
844 3018 992 3099 ἐνείματο
1007 3003 1071 3080 οὗ·

115 3133 171 3188 τος
184 3107 268 3194 πρὸς
278 3105 339 3177 τόν
349 3103 499 3195 ἀδελφόν
508 3109 599 3179 παῖδ’
613 3110 711 3198 ὅντα,
732 3112 788 3179 καὶ
798 3107 934 3197 ἀφῆκαν
944 3117 1003 3197 τῆς
1012 3137 1070 3197 μι-

117 3207 275 3285 σθιόσεως
291 3209 347 3274 καλ
363 3215 432 3276 τῶν
442 3207 554 3276 ἀλλων
564 3209 964 3299 ἀπάντωυὲνκλημάτων,
984 3209 1068 3296 λαβὲ

116 3305 323 3393 ταυτηυὶτήν
333 3313 525 3392 μαρτυρίαν.
