2370 3854
169 207 232 271 σοι
323 178 326 184 ’
369 211 467 267 xx1x.
503 208 923 271 Διιιιοαοωαουε

126 396 160 450 ης
170 388 266 436 ουσιν
274 367 443 453 ἀφεθέντα
451 375 572 436 τούτου
582 367 763 453 ἐλεύθερον
773 365 857 435 εἶναι
866 369 949 437 τότε.
973 370 1125 456 καὶπρὸς

168 464 333 555 τούτοιςὴ
351 466 457 553 μήτηρ
475 463 548 533 κατ’
568 471 650 553 ἐμοῦ
660 467 714 532 καὶ
725 472 783 551 τῆς
794 463 957 553 ἀδελφῆς,
980 474 1014 536 οἳ
1022 470 1124 554 μόνοι

167 571 281 645 παῖδές
291 571 390 652 ἐσμεν
401 563 502 652 αύτῇ,
525 561 569 631 δι’
582 562 640 642 ούς
650 565 869 650 κατεχήρευσε
880 563 939 633 τόν
949 573 1042 653 βίον,
1065 576 1124 637 πί-

167 688 241 732 στιν
255 663 421 751 ἠθέλησεν
438 668 602 732 ἐπιθεῖναι
617 667 893 751 παραστησαμένη
911 664 971 733 τόν
982 665 1122 751 ἅνθρω·

167 788 233 830 πον
254 769 375 830 τοῦτον
395 759 529 848 ἆφεῑναι
549 760 610 829 τόν
625 764 749 847 πατέρα
767 761 855 849 ἡνίκ’
876 765 1043 854 ἐτελεύτα,
1067 770 1122 835 καλ

166 867 358 947 νομιξεσθαι
379 859 460 944 παρ’
483 857 563 945 ἡμῖν
584 868 705 927 τούτου
726 861 923 945 ἐλεύθερον·
944 861 988 950 ἣν
1008 867 1122 952 μηδεὶς

166 957 264 1045 ὑμῶν
281 960 436 1044 νομιζέτω
453 956 534 1025 καθ’
554 958 650 1045 ἡμῶν
668 955 742 1027 ποτ’
761 955 805 1027 όν
816 957 961 1046 ὀμνύναι
970 961 1064 1030 ταῦτ’
1078 960 1121 1031 ἂν

166 1059 311 1140 ἐθέλειν,
334 1061 365 1124 εί
373 1053 418 1142 μὴ
430 1064 545 1142 σαφεός
556 1055 630 1145 ᾔδει
640 1053 680 1124 τὰ
692 1055 815 1144 εύορκα
825 1055 1002 1147 ὀμουμένη.
1036 1058 1122 1131 όιλλά

166 1155 234 1241 μὴν
245 1153 289 1234 ύς
300 1153 411 1243 ἀληθῆ
423 1160 506 1241 λέγω
518 1157 574 1224 καὶ
584 1153 677 1222 ταῦτ’
689 1148 776 1242 ἦμεν
787 1157 910 1243 ἕτοιμοι
923 1172 1046 1246 ποιεῖν,
1058 1161 1122 1230 κύ-

152 1296 154 1300 ·
167 1263 217 1322 λει
226 1256 355 1322 τούτων
366 1255 444 1333 τοὺς
456 1255 635 1341 μάρτυρας.

516 1423 767 1485 ΜΑΡΤΥΡΕΣ.

122 1578 155 1632 27
254 1554 406 1614 Τοσαῦτα
416 1553 533 1614 τοίνυν
544 1551 652 1614 δίκαια
663 1549 772 1631 λέγειν
782 1547 927 1632 ἐχόντων
937 1545 1047 1635 ἡμῶν,
1066 1551 1122 1616 καὶ

164 1645 388 1730 καταφεύγειν
408 1650 454 1723 είς
475 1643 553 1723 τούς
574 1652 748 1731 μεγίστους
765 1648 917 1732 ἐλέγχους
932 1647 1121 1717 ἐθελόντων

165 1745 239 1828 περὶ
256 1749 325 1810 τῶν
345 1746 665 1830 μεμαρτυρημένων,
688 1744 797 1811 πάντα
811 1753 915 1812 ταῦτα
927 1745 1048 1833 φυγύν
1058 1739 1122 1813 ού-

165 1868 220 1920 τος
233 1852 351 1924 οίεται,
375 1843 449 1926 περὶ
461 1849 517 1928 τῆς
529 1846 750 1927 γεγενημένης
761 1846 853 1927 δίκης
864 1844 1055 1930 διαβάλλων
1065 1849 1122 1912 καλ

165 1947 358 2026 κατηγορεῖν
368 1941 467 2024 ἐμοῦ,
487 1949 549 2006 τοῦ
559 1940 727 2026 μα’ρτυρος
737 1937 824 2025 ὑμᾶς
834 1948 960 2010 πείσειν
970 1955 1122 2028 καταψη-

165 2047 344 2126 φίσασθαι,
356 2037 509 2124 πάντων,
524 2037 629 2124 οἶμαι,
641 2047 776 2126 πρᾶγμα
787 2038 1035 2119 κατασκευάσας
1046 2039 1122 2109 ιἰδι-

118 2138 314 2210 νεούτατον
332 2140 386 2206 καὶ
404 2137 731 2206 πλεονεκτικώτατον.
766 2137 865 2218 αὐτός
881 2143 943 2225 μὲν
959 2138 1024 2225 γὰρ
1034 2140 1125 2226 μύρ-

165 2263 267 2325 τυρας
278 2240 411 2317 ψευδεῖς
421 2237 684 2321 παρεσκεύασται
694 2240 769 2325 περὶ
787 2239 933 2325 τούτων,
957 2255 1184 2325 συγχορη-Βσλ

165 2336 229 2424 γόν
258 2343 342 2421 ἔχων
358 2333 520 2422 Ὀνήτορα
547 2335 607 2404 τόν
630 2335 794 2423 κηδεστὴν
814 2339 870 2405 καλ
895 2337 1123 2422 Τιμοκράτην·

164 2435 256 2522 ἡμεῖς
268 2432 300 2501 δ’
313 2430 385 2517 ούχλ
396 2434 600 2520 προειδότες,
626 2432 702 2502 ἀλλ’
714 2432 799 2518 ὑπὲρ
813 2432 915 2521 αύτῆς
926 2443 984 2520 τῆς
995 2458 1125 2520 μαρτυ·

165 2539 237 2615 ρίας
252 2529 435 2615 ἡγούμενοι
451 2531 511 2598 τόν
528 2529 630 2616 ἀγῶν’
652 2538 804 2616 ἔσεσθαι,
827 2529 905 2610 τούς
922 2534 1125 2614 περλτύνέιι

164 2633 222 2711 τῆς
242 2630 419 2714 ἐπιτροπῆς
445 2630 621 2715 χρημάτων
647 2631 818 2715 μάρτυρας
845 2628 886 2697 ού
913 2630 1125 2716 παρεσκευά-

164 2736 273 2811 σμεθα
284 2735 360 2792 νῦν.
392 2724 480 2811 ὅμως
491 2730 543 2810 δὲ,
561 2734 679 2811 καίπερ
691 2726 778 2794 οὕτω
789 2726 911 2794 τούτου
923 2730 1124 2814 σεσοφισμέ-

164 2848 243 2906 νου,
254 2825 294 2888 τοὶ
306 2821 471 2908 πράγματ’
486 2822 569 2890 αὐτὰ
582 2823 711 2904 διεξιόν
722 2825 812 2912 οἶμαι
822 2829 943 2915 ῥᾳδίως
953 2824 1033 2912 ύμῖν
1050 2829 1124 2894 ἐπι-

164 2926 281 3003 δείξειν
303 2920 482 2991 δικαιότατ’
505 2921 700 3006 ύνθροόπων
719 2932 841 2994 τοῦτον
864 2922 1042 3011 ὠφληκότα
1058 2922 1124 3009 τὴν

118 3033 154 3088 29
164 3028 277 3110 δίκην,
301 3019 362 3108 ούχ
373 3019 424 3091 ὅτι
433 3020 494 3091 τόν
503 3023 641 3092 Μιλύαν
654 3023 802 3093 ἐκύλυον
814 3029 1020 3111 βασανίζειν,
1044 3011 1122 3089 οὐδ’

163 3122 214 3190 ότι
224 3131 347 3191 τούτου
357 3121 540 3209 ἐλεύθερον
551 3120 775 3209 ὡμολόγησεν,
787 3127 821 3190 οί
831 3125 866 3191 δέ
877 3122 1041 3209 μάρτυρες
1053 3117 1121 3188 οἵδ’

162 3220 410 3308 ἐμαρτύρησαν,
423 3219 496 3291 ἄλλ’
510 3221 561 3289 ότι
572 3221 677 3290 πολλὰ
689 3230 757 3289 τῶν
768 3226 857 3308 ἐμῶν
869 3224 1048 3309 ἐξηλέγχθη
1059 3228 1123 3289 λα-

160 3316 235 3402 βὼν
252 3318 383 3388 καὶτὸν
403 3319 496 3390 οἶκον
508 3319 570 3389 ούκ
581 3324 747 3406 ἐμίσθωσε
757 3329 826 3390 τῶν
836 3322 951 3408 νόμων
960 3320 1123 3390 κελευόν-

152 3437 223 3478 των
230 3419 291 3484 καὶ
303 3425 368 3486 τού
378 3417 506 3511 πατρός
517 3423 605 3511 ἐν’τη
617 3420 763 3510 διαθήκη
774 3422 980 3508 γράψαντος,
999 3417 1045 3497 οἱς
1056 3417 1120 3504 ἐγώ
