2370 3854
252 191 397 255 ΚΑΤΑ
419 192 885 257 ΑΡΙΣΤΟΚΡΑΤΟΤΣ.
985 194 1046 260 161

88 361 218 441 πῶμεν·
242 350 316 421 ἀλλ’
335 353 512 440 ἐπειδήπερ
531 355 600 422 ἐστὶ
617 350 654 421 τὸ
671 362 801 442 φεῦγον
817 357 972 445 ψήφισμα
982 354 1046 426 οὐκ

89 449 143 521 ἐπ’
158 451 222 540 ήδη
239 456 448 541 γεγενημένῳ
466 452 530 520 τινὶ
547 450 731 539 πράγματι,
755 451 829 523 ἀλλ’
843 457 896 524 ἐπὶ
906 456 1045 546 τοιούτῳ

89 548 195 639 ὂμήδ’
210 557 241 619 εί
249 550 425 637 γενήσεται
435 552 549 637 μηδεὶς
560 548 645 634 οἶδε,
669 551 707 619 τὸ
718 555 780 638 μὲν
791 561 853 622 τοῦ
870 555 1047 639 με’ίίοντος
1155 586 1158 590 ·

88 655 227 717 ἔσεσθαι
236 648 357 716 ιιοινόν
364 644 692 737 ἀμφοίνάπαρχέτω,
708 648 794 738 πρὸς
804 655 840 718 66
850 660 949 720 τοῦτο
961 651 1048 720 ὑπο-

89 750 207 826 θέντες
218 745 442 832 ἀνθρωπίνως
458 744 517 825 τάς
531 749 664 827 ἐλπίδας
680 747 769 816 οὕτω
787 757 982 836 σκοποῖμεν,
1006 745 1050 830 ὡς

90 845 163 933 τάχ’
182 842 243 932 ἀν,
264 851 296 914 εί
312 846 421 933 τύχοι,
443 846 644 914 καὶτούτων
660 845 825 915 κάκείνων
836 848 1046 935 συμβάντων·

47 949 82 1003 59
92 945 214 1015 λύσασι
224 944 286 1032 μὲν
296 951 414 1036 τοίνυν
423 941 461 1012 τὸ
474 943 646 1031 ψήφισμα,
671 939 714 1013 ἀν
725 945 791 1031 άρα
808 953 922 1035 συμβῇ
939 972 972 1013 τι
981 970 1048 1014 πα·

91 1056 169 1115 θεῖν
180 1049 312 1136 ἐκείνῳ,
329 1048 413 1115 είσὶν
424 1049 461 1113 ac
468 1043 551 1112 κατὰ
562 1041 642 1122 τούς
652 1044 778 1131 νόμους
788 1041 871 1132 ὑπὲρ
882 1041 988 1113 αὐτοῦ
998 1070 1049 1112 τι-
1127 1082 1129 1086 -

92 1152 229 1233 μωρίαν·
252 1149 330 1215 ἐῶσι
343 1146 395 1230 66,
408 1139 451 1213 ἀν
464 1143 530 1227 ἀρα
541 1145 664 1222 ἐκεῖνος
675 1148 741 1224 ζῶν
751 1139 850 1231 ἀδικῇ
860 1140 952 1230 τινά,
964 1140 1048 1234 ἀνή-

93 1260 266 1331 ρηταιτοίς
279 1238 930 1333 ὑβριζομένοιςήμετάτῶννόμωνδίκη.
965 1240 1112 1315 άστεθαίι

93 1352 243 1430 πανταχῆ
260 1347 314 1413 καὶ
332 1346 484 1410 ἐναντίον
494 1343 561 1408 ἐστὶ
572 1353 640 1418 τοϊς
652 1340 767 1425 νόμοις
775 1340 814 1407 τὸ
827 1339 982 1426 ψήφισμα
994 1343 1050 1410 καὶ

94 1451 194 1510 λῦσαι
205 1444 377 1528 συμφέρει.

50 1549 86 1601 60
181 1541 264 1624 Λέγε
274 1536 335 1607 τὸν
345 1535 427 1625 μετά
438 1544 542 1604 ταῦτα
552 1537 667 1623 νόμον.

486 1711 663 1774 ΝΟΜΟΣ.

224 1822 341 1911 [Καίὲ1
326 1853 364 1890 αν
381 1852 404 1907 φ
408 1826 522 1934 ἑροντα
526 1818 547 1905 ή
564 1821 675 1925 άγουτα
690 1824 743 1910 βία
753 1815 863 1898 ἀδίκως
872 1813 1051 1904 6696„-

140 1908 260 1992 νόμενος
271 1915 379 1998 κτείνῃ,
391 1933 525 1992 ννμτοινει
514 1903 701 1988 τεθνάναι]

175 2038 277 2105 'Ama
293 2062 397 2104 ταυτα
408 2033 463 2122 ἐφ
478 2029 527 2113 οις
539 2037 642 2114 ἔξεστι
653 2047 787 2100 κτεῖναι
823 2029 918 2100 ίαν
895 2059 1051 2121 αμονταη

98 2139 245 2224 φέροντα
256 2141 313 2223 βία
323 2132 445 2211 ἀδίκως
457 2129 591 2209 οὐδείς’
574 2130 784 2216 αμυνάμενος
794 2136 922 2218 κτείνῃ,
934 2157 1050 2217 νηποι-

99 2261 149 2303 νει
138 2233 321 2300 τεθναναι
331 2231 470 2298 αελευει
501 2229 675 2296 &sanaem
686 2250 770 2312 προς
780 2225 898 2304 Διος
876 2252 919 2304 ως
930 2254 984 2294 ευ
1007 2237 1054 2318 τῷ

100 2326 339 2420 μενὺπειπών,
362 2326 416 2414 ἐφ’
431 2323 608 2407 οίςέξειναι
618 2331 774 2412 κτείνειν,
794 2326 1052 2413 προσγράψαιτδ

101 2425 332 2513 εάθύςάφεῖίε
344 2426 473 2494 τόυτου
462 2424 776 2514 βουλεύσασθαίτι
792 2422 899 2494 κακὸν
913 2427 1054 2514 χρόνον·

100 2557 145 2622 τω
132 2522 236 2597 δὲ’
217 2525 430 2612 αμυνόμευος
444 2524 573 2610 γράψαι
590 2526 731 2615 δηλοῖ
700 2550 746 2591 τω
764 2524 925 2610 πάσχοντι
943 2525 1057 2607 διδούς

99 2631 160 2717 τήν
178 2632 345 2711 ἐξουσίαν,
368 2622 432 2694 οὐκ
449 2623 538 2714 άίλῳ
556 2631 629 2691 τινί.
663 2622 681 2691 ὁ
698 2623 760 2709 μὲν
778 2619 819 2710 δή
837 2622 940 2709 νόμος
951 2621 1057 2705 εὐθὺς

99 2727 298 2815 ἀμυνομένῳ
312 2721 485 2793 δίδωαευ’
467 2723 719 2809 αποκτινυάυαι,
735 2748 753 2790 ο
742 2719 798 2788 6
812 2717 914 2790 οὖδεν
925 2733 1056 2812 είρήαεν

100 2824 173 2896 ἀλλ’
189 2823 314 2911 ἁπλῶς,
338 2824 398 2893 ἐαν
408 2851 457 2902 τις
468 2821 661 2910 αποκτείνη,
686 2846 751 2887 καν
763 2824 913 2907 δικαίως,
936 2816 1000 2890 κάν
1013 2820 1057 2903 ὡς

101 2932 136 2994 οί
155 2924 254 3011 νόμοι
277 2923 436 2992 διδόασιν.
468 2919 553 2990 ἀλλὰ
574 2948 616 3008 νη
605 2919 698 2989 Δία
719 2927 998 3006 συκοφαντοῦμεν
1019 2921 1056 2989 τά

52 3043 84 3096 61
101 3032 251 3109 πρᾶγμα·
275 3028 349 3088 τίνα
359 3021 423 3106 μάρ
436 3030 520 3088 οίσει
535 3014 559 3106 ή
570 3017 592 3085 6
593 3023 639 3099 ξει
649 3025 705 3106 βίμ
718 3015 839 3097 ἀδίκως
849 3027 923 3102 Χαρ
925 3023 1057 3105 ίδήμος;

101 3123 228 3200 πάντας
239 3117 450 3204 ἀνθρώπους.
476 3129 543 3187 ίστε
553 3114 618 3203 γάρ
630 3118 739 3204 δήπου
748 3115 862 3204 τοῦθ’,
874 3116 926 3184 ὅτι
938 3116 1058 3198 πάντες

103 3227 136 3292 οί
154 3219 341 3307 στράτευμα
359 3223 504 3303 ἔχοντες,
527 3209 577 3284 ὦν
593 3211 637 3283 άυ
653 3225 789 3284 οἴωνται
805 3221 974 3303 κρείττους
985 3224 1059 3286 ἔσε-

103 3331 201 3405 σθαι,
224 3317 344 3403 ἀμουσι
361 3317 417 3385 καὶ
428 3319 570 3403 φέρουσι
579 3313 718 3401 χρήματ’
733 3322 911 3396 αποῦντες.
946 3312 1002 3385 εἶτ’
1017 3313 1059 3386 06

105 3417 233 3503 δεινὸν,
257 3409 336 3504 άμή
354 3418 409 3484 καὶ
424 3418 516 3504 θεοὶ,
540 3418 597 3484 καὶ
611 3422 766 3501 φανερῶς
782 3415 1003 3503 παράνομον,
1019 3414 1066 3482 οδ

147 3513 283 3570 Demosth.
303 3512 412 3571 v01.11.
882 3515 925 3567 ss
