2370 3854
212 215 352 277 ΚΑΤΑ
373 213 859 275 ΑΡΙΣΤΟΓΕΙΤΟΝΟΣ
875 218 917 276 Α.
981 213 1044 277 285

92 386 211 447 λοῦσιν
221 374 342 445 αὐτόν·
365 371 425 454 οὓς
435 369 572 452 ὁποίους
587 374 649 459 μέν
659 401 752 454 τινας
768 375 828 462 χρη
844 382 987 462 νομίζειν
998 374 1046 445 εῖ-

93 505 164 563 ναι,
174 472 270 546 αὐτοὶ
280 483 479 557 σκοπεῖσθε,
501 471 564 557 ἐγώ
578 470 610 540 δ’
623 469 725 542 οὐδὲν
736 469 780 541 άν
796 484 935 560 είποιμι,
957 475 1046 561 πλην

94 575 144 644 ὅτι
164 571 192 660 γ’
211 571 254 641 ου’
276 580 492 659 σωφρονοῦσι
514 574 759 659 προσνέμοντες
781 570 904 651 αὐτοὺς
926 572 1043 663 τούτῳ.

92 682 160 741 τῶν
177 672 237 757 μὲν
255 663 319 738 οὖν
336 674 373 737 ἐν
389 678 437 759 τῷ
448 674 646 759 δικαστηρίῳ
665 677 731 738 νῦν
750 669 859 738 ὄντων
875 668 973 757 ὑμῶν
985 669 1046 738 οὐ·

95 769 160 839 δέν’
172 770 256 840 είναι
273 774 429 838 τοιοῦτον
445 777 592 856 τίθεμαι·
625 771 680 837 καὶ
696 767 760 855 γάρ
774 775 919 856 δίκαιον,
945 763 1046 837 &iiv-

94 867 366 958 δρεςἈθηναῖοι,
389 871 444 938 καὶ
456 868 562 938 καλὸν
572 871 627 938 καὶ
640 873 814 956 συμφέρον
825 869 913 939 οὕτω
926 872 980 937 καὶ
990 873 1045 938 λε’-

49 987 84 1042 44
93 995 165 1053 γειν
178 968 232 1053 ἐμὲ
243 971 298 1035 καὶ
309 984 449 1054 φρονεῖν
460 970 535 1052 περὶ
547 966 652 1055 ὑμῶν.
686 973 721 1037 ἐκ
734 970 770 1038 δὲ
781 977 849 1037 τῶν
860 968 972 1038 άλλοιν
983 994 1047 1036 πο-

93 1075 209 1151 λιτῶν,
226 1064 267 1137 ἵν’
281 1065 325 1147 ὦς
342 1074 389 1147 είς
405 1071 596 1154 ἐλαχίστους
611 1069 674 1154 τὴν
689 1077 904 1157 βλασφημίαν
921 1065 1045 1154 άγάγω,

92 1165 152 1233 τὸν
163 1165 328 1254 μαθητὴν,
342 1173 372 1235 εί
382 1167 417 1234 δὲ
430 1168 613 1254 βούλεσθε,
636 1166 698 1234 τόν
716 1168 917 1237 διδάσκαλον
928 1165 1044 1250 αὐτοῦ,

95 1263 306 1350 Φιλοκράτην
318 1263 379 1334 τόν
387 1261 605 1351 Ἐλευσίνιον,
617 1265 725 1350 μόνον
735 1264 820 1332 είναι
831 1273 985 1334 τοιοῦτον
995 1271 1046 1332 τί-

94 1373 212 1449 θεμαι,
232 1361 292 1448 οὐχ
311 1361 354 1442 ὡς
372 1361 445 1449 οὐχὶ
462 1364 628 1431 πλειόνων
647 1362 755 1431 ὄντων
767 1363 893 1450 (ὤφελε
905 1362 969 1448 γάρ
981 1390 1046 1450 μη-

96 1464 162 1540 δεὶς
178 1459 278 1541 άλλος
290 1460 544 1547 Ἀριστογείτονι
558 1469 716 1548 χαίρειν),
741 1461 809 1531 ἀλλ’
824 1460 843 1530 ὂ
859 1459 935 1531 καθ’
949 1458 1047 1548 ὑμῶν

97 1557 141 1638 ὡς
152 1559 280 1639 ὄνειδος
292 1558 384 1630 ὀκνοῦ
395 1563 521 1648 λέγειν,
544 1559 624 1630 οὐδὲ
634 1567 704 1630 τάν
716 1560 827 1629 ἄλλων
838 1567 984 1630 πολιτῶν
996 1563 1048 1628 δί-

97 1658 191 1737 καιός
208 1665 273 1744 είμι
290 1664 431 1748 δημοσία
450 1674 662 1747 κατηγορεῖν·
686 1658 754 1728 εἶτα
771 1658 937 1729 καλταάτό
950 1658 1048 1745 ποιή-

52 1779 87 1831 45
97 1779 146 1824 σει
157 1759 211 1823 καί
223 1755 307 1840 πρὸς
318 1758 377 1825 ἕνα
388 1756 532 1846 ῥηθεὶςὸ
545 1757 652 1844 λόγος.
684 1756 721 1826 τὸ
740 1762 803 1845 μὲν
814 1752 879 1826 οὖν
890 1758 1048 1839 ἐξετάζειν

97 1854 242 1943 ἀκριβῶς
259 1851 332 1925 οἷον
342 1854 470 1945 άνάγκη
487 1857 550 1945 τὴν
569 1856 676 1943 φύσιν
687 1858 771 1927 εἶναι
782 1855 1049 1945 τδνἌριστογεί-

95 1982 167 2023 τονι
177 1963 343 2043 χαίροντα,
352 1957 449 2044 ἐάσω,
458 1954 563 2044 ἵναμὴ
573 1955 679 2025 πολλά
687 1959 742 2026 καλ
751 1957 933 2045 βλάσφημα
944 1954 1050 2041 άναγ-

96 2054 241 2140 κάζωμαι
258 2057 367 2140 λέγειν
393 2059 449 2124 καὶ
468 2060 629 2136 διεξιέναι.
672 2053 867 2124 ἀλλ’ἐκεῖνο
889 2059 985 2140 λέγω.
1022 2059 1051 2124 εί
1058 2072 1110 2132 784

97 2153 241 2240 πονηρός
252 2157 342 2223 ἐστιν
349 2152 596 2242 Ἀριστογείτων
608 2151 719 2233 ἁπλῶς
729 2157 784 2221 καὶ
795 2153 912 2236 πικρὸς
922 2156 977 2220 καὶ
989 2172 1050 2219 συ-

97 2252 264 2337 κοφάντης
275 2254 331 2318 καὶ
341 2260 491 2328 τοιοῦτος
503 2248 572 2329 οἷος
582 2249 805 2336 ὑπισχνεῖται,
817 2254 954 2336 δίδωμι,
966 2270 1050 2334 συγ·
1148 2297 1151 2303 ,

97 2358 203 2435 χωρῶ,
216 2349 428 2435 Φιλόκρατες,
442 2351 492 2416 σοὶ
502 2356 550 2438 τῷ
561 2349 701 2438 τοιούτῳ
713 2346 775 2417 τόν
787 2347 906 2434 ὅμοιον
917 2347 1049 2429 σώζειν·

98 2455 165 2513 τῶν
175 2443 239 2532 γάρ
251 2444 361 2514 άλλων
371 2443 530 2515 ἁπάντων
546 2452 602 2516 καλ
619 2447 809 2516 ποιούντων
820 2444 842 2516 δι’
854 2450 970 2517 δεῖκαὶ
981 2473 1051 2534 φυ·

97 2544 285 2614 λαττόντων
302 2542 382 2626 τούς
402 2546 539 2632 νόμους,
563 2545 663 2615 οὐδὲν
685 2541 729 2614 ἂν
750 2546 839 2633 παρὰ
856 2542 948 2614 τοῦτ’
961 2544 1051 2632 οίμαι

54 2660 88 2716 46
99 2646 265 2730 γενέσθαι.
294 2651 325 2713 εί
341 2647 377 2712 δὲ
393 2645 542 2732 κάπηλός
560 2649 628 2714 ἐστι
644 2653 807 2733 πονηρίας
822 2648 877 2715 καὶ
888 2645 1052 2730 παλιγκά-

99 2753 203 2830 πηλος
214 2747 268 2814 καὶ
281 2742 498 2833 μεταβολεὺς,
516 2747 571 2813 καὶ
588 2746 694 2833 μόνον
705 2743 747 2814 οὐ
758 2744 840 2832 ζυγά
851 2747 906 2814 καὶ
918 2744 1050 2830 σταθμά

98 2847 180 2926 ἔχων
192 2840 293 2908 πάνθ’
312 2840 374 2910 ὅσα
394 2840 521 2911 πώποτ’
535 2849 675 2931 ἔπραξεν
697 2847 836 2934 ε’πάλει,
870 2854 906 2916 τί
920 2853 1050 2930 τοῦτον,

100 2932 268 3025 άμάταιε,
287 2936 430 3030 Ιοἰκουηῖς;
454 2941 531 3010 οὔτε
542 2943 606 3029 γάρ
625 2950 770 3032 μαγείρῳ
782 2947 941 3028 μαχαίρας
952 2939 1052 3008 οὐδέν

99 3037 167 3106 ἐστ’
180 3037 301 3123 ὄφελος
311 3040 484 3125 δήπουθεν
504 3039 576 3124 η’τις
594 3039 638 3127 μὴ
650 3044 770 3126 τέμνει,
783 3039 861 3106 οὔτε
870 3047 917 3128 τῷ
926 3045 1052 3126 βουλο-

99 3142 187 3229 μένφ
200 3135 237 3205 δι’
253 3134 360 3204 αὑτοῦ
377 3147 458 3206 πᾶσι
477 3140 652 3225 πράγματα
670 3140 725 3206 καὶ
743 3135 830 3205 κακά
845 3132 1049 3220 γίγνεσθαιὸ

99 3234 192 3303 ταῦτ’
213 3233 470 3322 ἀποδωσόμενος
493 3237 706 3323 συκοφάντης
723 3233 824 3304 οὐδέν
846 3238 913 3302 ἐστι
936 3233 1052 3320 χρήσι-

53 3349 88 3407 47
99 3360 168 3420 μος.
191 3332 274 3402 ἀλλὰ
285 3334 352 3422 μὴν
363 3333 413 3406 ὅτι
423 3344 573 3416 τοιοῦτος
583 3328 682 3415 οὗτός
690 3337 781 3403 ἐστιν
791 3333 892 3402 είδότι
899 3353 952 3402 σοι
962 3333 1053 3420 φρά-

99 3455 156 3500 σω.
195 3432 257 3520 την
279 3431 355 3502 καθ’
379 3434 564 3522 Ἡγήμονος
592 3439 800 3523 εἰσαγγελίαν
821 3436 985 3520 μέμνησαι
1006 3432 1051 3514 οἱς
1179 3438 1183 3447 “
