2370 3854
121 191 182 254 458
298 192 444 249 xxxvnl.
480 187 895 249 ΔΗΜΟΣΘΕΝΟΤΣ

121 351 359 439 ἦμφισβητηθη
377 347 597 435 περὶτούτων
608 347 789 433 πρότερον,
812 347 891 434 μηδ’
903 345 948 425 άς
959 344 1074 415 ούκα-

121 457 187 528 λῶς
198 451 412 537 διῳκημένων
423 451 469 524 εἰς
485 450 583 532 δίκην
597 438 720 532 ἦλθεν,
739 445 839 524 άλλος
849 441 893 513 άν
902 439 947 533 ἦν
959 445 1116 530 λόγος·98

121 547 231 634 ἐπειδὴ
246 544 277 614 δ’
290 545 374 632 ὅλην
389 544 452 633 την
468 544 650 632 ἐπιτροπὴν
661 548 894 631 ἐγκαλέσαντες
905 536 998 614 οὗτοι
1017 547 1073 612 καὶ

122 652 215 726 δίκας
226 646 381 733 λαχόντες
391 642 524 732 χρήματ’
537 644 730 732 ἐπράξαντο,
743 645 850 713 πάντα
861 651 964 712 ταῦτα
975 642 1074 729 άφεῖ-

120 773 174 814 ται
184 748 267 814 τότε.
295 745 372 813 οὔτε
384 743 450 831 γάρ
463 735 558 812 οὗτοι
568 751 630 836 τοῦ
647 741 811 829 ὀνόματος
823 743 931 831 δήπου
943 749 1072 828 ταύτης

120 849 297 930 ἐπιτροπῆς
318 841 377 922 τάς
400 847 492 922 δίκας
514 846 668 929 ἐδίωκον,
690 839 775 911 άλλά
794 851 863 910 των
883 841 1070 929 χρημάτων,

121 939 187 1011 οὔτ’
201 947 320 1011 ἐκείνοι
330 938 584 1028 τοῦνοματοῦτο
595 943 761 1008 ἐωνοῦντο
770 933 818 1008 ὦν
827 939 983 1008 ἀπέτισαν
991 955 1073 1027 χρη-

121 1043 246 1127 μάτων,
258 1037 342 1108 άλλά
353 1038 393 1108 τά
406 1040 602 1128 ἐγκλήματα.
778 1119 779 1123 ¹

95 1168 113 1224 9
198 1139 268 1208 ’Ότι
284 1139 346 1224 μὲν
361 1131 428 1207 ούν
445 1131 494 1206 οἷν
511 1137 575 1226 πρό
592 1145 660 1207 τῶν
679 1135 885 1224 ’ἀπαλλαγῶν
902 1141 1072 1224 εἰσέπραξε

121 1235 256 1326 χρεῶνὸ
270 1235 378 1324 πατὴρ
394 1233 515 1324 ἦόλως
532 1244 628 1326 ἔλαβε
639 1238 814 1326 χρημάτων
825 1242 862 1307 ἐκ
873 1245 932 1326 τῆς
942 1242 1073 1324 ἐπιτρο-

122 1346 201 1423 πῆς,
225 1334 362 1414 ούδενός
376 1342 439 1404 είσι
456 1341 545 1405 δίκαι
560 1339 692 1417 τούτοις
709 1336 900 1425 καθ’ἡμων
922 1336 1072 1425 ἀπηλλα-

121 1439 270 1524 γμένοις,
283 1439 314 1516 ἐξ
326 1433 438 1504 αὐτόν
455 1444 523 1504 τῶν
535 1437 648 1523 νόμων
658 1438 713 1506 καὶ
724 1443 781 1522 τῆς
792 1435 941 1523 άφέσεως
950 1441 1073 1516 ίκανως

122 1535 249 1612 πάντας
265 1531 411 1620 ἡγοῦμαι
431 1532 517 1619 ὑμᾶς
534 1540 771 1621 μεμαθηκέναι.
807 1533 859 1604 ότι
880 1535 912 1603 δ’
929 1534 1073 1620 ὕστερον

123 1630 185 1701 οὐκ
198 1638 248 1702 ἔνι
258 1631 321 1719 τὴν
338 1631 481 1717 κομιδὴν
496 1640 699 1719 γεγενῆσθαι
714 1633 844 1702 τούτων
859 1638 928 1700 τῶν
943 1632 1073 1718 χρημά-

121 1759 189 1800 των
212 1739 324 1816 (τούτο
348 1729 414 1817 γάρ
436 1731 640 1800 πλάττουσιν
662 1725 756 1802 ούτοι
783 1734 839 1801 καὶ
859 1732 1071 1816 παράγουσι),

79 1850 113 1903 10
121 1839 218 1898 τοῦτο
236 1830 400 1918 βούλομαι
419 1834 533 1910 δεῖξαι.
564 1829 624 1900 τόν
647 1829 789 1918 μὲνγὰρ
807 1829 915 1915 πατέρ’
934 1828 1009 1898 οὐδ’
1030 1826 1073 1898 άν

123 1928 323 1996 αἰτιάσαιντο
336 1935 465 2013 λαβεῖν·
488 1930 637 2013 τέτταρσι
653 1929 717 2014 γάρ
734 1925 853 2015 ἧτρισὶ
865 1931 965 2015 μησὶν
975 1927 1074 1996 ύστε-

122 2022 217 2113 ρονιῖ
229 2024 400 2095 διελύσατο
412 2024 494 2112 πρὸς
504 2027 644 2106 τούτους
655 2029 874 2115 ἐτελεύτησεν.
910 2026 954 2107 ὡς
967 2026 999 2095 δ’
1013 2026 1074 2094 ού-

122 2128 157 2196 δὲ
164 2129 363 2216 Δημάρετον
373 2127 432 2196 τόν
442 2133 706 2216 καταλειφθέντα
717 2127 812 2218 ἡμων
823 2135 1000 2216 ἐπίτροπον
1013 2136 1073 2194 λα-

121 2236 194 2316 βεῖν
205 2224 279 2296 οἷόν
290 2253 324 2295 τε
336 2229 405 2316 (καὶ
416 2225 481 2314 γάρ
499 2236 621 2297 τοῦτον
632 2234 782 2315 ἔγραψαν
793 2236 838 2309 εἰς
850 2227 886 2298 τό
900 2235 1071 2314 ἔγκλημα),

79 2340 110 2392 11
122 2329 178 2395 καὶ
191 2335 289 2395 τοῦτο
302 2330 459 2407 ἐπιδείξω.
488 2331 635 2414 μέγιστοι
644 2329 706 2413 μὲν
717 2321 781 2396 ούν
790 2327 870 2415 ἡμῖν
883 2335 967 2396 εἰσιν
978 2320 1072 2396 ούτοι

122 2425 300 2512 μάρτυρες·
327 2423 479 2513 ούδαμού
493 2424 558 2512 γάρ
571 2428 778 2514 φανήσονται
796 2434 899 2515 δίκην
909 2427 1071 2514 εἰληχότες

122 2531 219 2606 ζῶντι
235 2532 283 2615 τῷ
298 2528 498 2616 Δημαρέτῳ·
521 2525 562 2594 ού
579 2524 647 2614 μὴν
664 2525 747 2596 άλλά
759 2529 814 2595 καὶ
830 2525 867 2595 τό
880 2534 1015 2611 πρᾶγμα
1028 2526 1071 2591 άν

121 2649 169 2701 τις
187 2620 268 2690 αύτὸ
280 2631 417 2692 σκοπόν
435 2627 490 2693 καί
507 2634 651 2710 θεωρεῖν
668 2630 735 2694 ἰδοι
753 2622 794 2692 ού
805 2623 910 2709 μόνον
924 2619 998 2706 ούχί
1010 2630 1070 2688 λα-

122 2723 241 2807 βόντα,
266 2720 336 2790 ἀλλ’
356 2722 429 2790 οὐδ’
452 2721 531 2792 ἐνόν
547 2723 637 2814 αύτῷ
653 2730 775 2810 λαβεῖν.
810 2714 854 2807 ἦν
870 2719 931 2807 μὲν
950 2719 1014 2805 γάρ
1032 2718 1069 2788 τὸ

121 2823 223 2905 χρέως
233 2823 271 2888 ἐν
281 2820 455 2909 Βοσπόρῳ,
468 2819 604 2905 ἄφίκετο
616 2819 648 2887 δ’
662 2818 876 2888 οὐδεπώποτε
888 2825 934 2897 εἰς
944 2815 1005 2886 τόν
1014 2818 1068 2887 τό·

120 2943 186 2986 πον
196 2926 317 2988 τοῦτον
329 2916 346 2988 ὁ
357 2919 566 3006 Δημάρετος·
588 2927 657 2998 πως
669 2912 733 2988 ούν
744 2920 950 3006 εἰσέπραξενς
972 2923 1072 3005 έπεμ-

77 3035 111 3088 12
121 3030 163 3098 γε
176 3017 217 3103 νὴ
228 3025 306 3104 Δία,
320 3029 406 3087 εἴποι
416 3044 465 3096 τις
475 3013 528 3103 άν,
540 3017 602 3086 τόν
612 3018 846 3106 κομιούμενον.
867 3030 1017 3085 σκοπεῖτε
1029 3015 1069 3103 δὴ

119 3123 218 3184 τοῦτο
241 3113 370 3186 οὑτωσί.
413 3116 555 3203 άφειλεν
573 3114 742 3204 Ἑρμῶναξ
764 3123 926 3203 στατῆρας
951 3112 1070 3182 ἑκατόν
1080 3126 1117 3182 981

119 3214 209 3300 παρά
221 3213 477 3302 Ναυσικράτους
489 3213 601 3304 λαβῶν
611 3217 750 3295 τούτοις.
770 3215 899 3283 τούτων
908 3211 1070 3301 Ἀρίσται-

119 3339 199 3399 χμος
217 3317 391 3402 ἐπίτροπος
411 3318 467 3384 καὶ
487 3314 641 3403 κηδεμών
656 3319 785 3402 ἐγένετο
807 3316 980 3383 ἑκκαίδεκα
1001 3317 1065 3398 ἔτη.

119 3407 247 3481 ούκοῦν
267 3410 290 3480 ά
310 3440 348 3499 γε
368 3413 498 3481 τούτων
515 3412 649 3501 ἀνδρῶν
672 3413 862 3500 γεγονότων
883 3410 923 3480 δι’
941 3413 1067 3480 ἑαυτοῦ
