2370 3854
228 235 368 297 ΚΑΤΑ
388 233 873 298 ΑΡΙΣΤΟΓΕΙΤΟΝΟΣ
890 238 930 298 A.
995 235 1058 298 289

107 392 151 463 ἀν
168 393 222 463 διά
240 404 378 482 τοῦτον,
402 387 430 484 ᾦ
446 405 504 481 τῆς
521 402 684 482 σωτηρίας
701 392 784 480 αὐτῆ
804 401 890 463 αἰτία
903 398 1055 483 ἐγεγόνει.

61 509 95 563 58
106 495 160 563 καὶ
175 492 276 561 ταῦθ’
299 492 343 572 ὡς
359 490 472 580 ἀληθῆ
489 497 591 577 λέγω,
613 494 706 561 πόλει
722 520 779 579 μοι
795 492 855 562 τὸν
870 494 933 583 τῆν
948 494 1059 583 ταφὴν
1067 512 1120 570 788

105 591 300 679 τοῦπατρὸς
310 589 373 659 οὐκ
385 588 613 679 ἀπειληφότα,“
627 595 682 659 καὶ
693 590 753 660 τόν
763 600 821 680 τῆς
831 598 923 680 δίκης
934 596 1059 682 διαιτη-

103 686 179 779 τῆν,
201 689 245 778 ῆν
262 689 347 777 ὑπὲρ
365 699 422 777 τῆς
439 691 591 775 πράσεως
605 699 663 777 τῆς
680 689 827 778 ἀδελφῆς
842 697 957 777 ἔλαχεν
968 690 1058 786 αὐτῷ

104 789 234 876 οὑτοσὶ,
256 793 312 859 καὶ
332 789 369 858 τό
391 795 536 876 ἔγκλημα
558 791 648 876 φέρε.
681 791 775 858 πόλει
796 792 835 858 δέ
853 816 909 876 μοι
926 799 1059 878 πρῶτον

104 890 239 956 πάντων
249 885 310 956 τόν
321 896 379 975 τῆς
389 895 519 976 Ζωβίας
529 890 729 977 προστάτην,
740 896 799 977 τῆς
809 887 1058 976 ὑποδεξαμένης

105 985 227 1073 αὐτόν,
250 986 394 1066 καὶτοὺς
405 986 572 1074 πωλητάς,
595 985 679 1075 πρός
689 985 750 1067 οὓς
760 985 931 1075 ἀπήγαγεν
942 985 1056 1074 αότῆν.

102 1084 195 1172 ὑμεῖς
214 1085 246 1153 θ’
265 1084 479 1174 ἠγανακτεῖτε
495 1085 632 1173 ἀρτίως,
656 1093 687 1154 εῖ
702 1095 770 1154 τῶν
787 1084 847 1155 τόν
863 1092 984 1172 ἔρανον
996 1113 1058 1173 φε-

103 1186 232 1272 ρόντων
242 1193 287 1266 εἰς
295 1184 357 1274 τῆν
366 1193 531 1273 σωτηρίαν
541 1186 631 1275 αὐτῷ
641 1198 824 1270 κατηγορεῖ.
841 1182 1057 1272 μιαρόν,μια-

103 1281 180 1370 ρόν,
204 1277 363 1369 οόάνδρες
371 1283 556 1370 Ἀθηναῖοι,
574 1281 610 1350 τό
622 1289 745 1368 θηρίον
755 1285 810 1350 καὶ
820 1281 966 1368 ἀμικτον.
983 1288 1057 1368 λέγε

101 1382 360 1469 τάςμαρτνρίας.
469 1441 471 1445 ,

447 1486 710 1547 MAPTYPIAI.

56 1588 93 1641 59
188 1587 245 1659 Τίς
262 1573 326 1648 οὖν
343 1576 440 1666 λκανῆ
458 1575 542 1647 κατά
553 1586 614 1647 τοῦ
627 1587 772 1647 τοσαῦτα
784 1581 840 1648 καὶ
850 1586 985 1647 τοιαῦτα
996 1601 1056 1646 πε-

100 1678 276 1766 ποιηκότος
286 1679 410 1763 γένοιτ’
423 1676 468 1746 ἀν
479 1683 568 1764 ddum
590 1684 639 1756 τίς
650 1675 723 1758 ἀξία
734 1684 890 1764 τιμωρίας
908 1677 1056 1755 θάνατος

99 1776 236 1865 μὲνγὰρ
248 1783 357 1864 ἒμονγε
368 1774 471 1863 μικροὶ
483 1782 643 1863 φαίνεται.

54 1885 92 1940 60
174 1875 234 1945 Ἓν
243 1885 360 1948 τοίνυν
371 1875 473 1946 εῖπτὸν
483 1881 531 1944 ἔτι
541 1882 610 1943 τῶν
621 1879 716 1943 λθίων
727 1872 834 1943 αὐτοῦ
844 1873 1055 1961 πονηρευμά-

98 2003 165 2043 των
180 1974 221 2043 τά
237 1975 337 2044 λοιπά
354 1976 450 2044 ἐάσω.
483 1977 563 2057 πρὶν
572 1971 637 2061 γάρ
649 1977 797 2054 ἐξελθεῖν
808 1977 843 2041 ἐκ
854 1979 916 2040 τοῦ
927 1977 1054 2058 δεσμω-

97 2082 224 2162 τηρίου,
236 2075 437 2161 ἐμπεσόντος
448 2071 636 2156 ἀνθρώπου
646 2070 737 2151 τινός
751 2077 962 2157 Ταναγραίου
973 2068 1055 2154 πρός

97 2176 300 2262 κατεγγύην,
315 2186 538 2261 γραμματεῖον
548 2176 697 2256 ἔχοντος,
716 2167 918 2254 προσελθών
929 2169 983 2235 καὶ
994 2176 1052 2236 λα-

97 2281 168 2341 λαόν
192 2271 370 2360 ὁτιδήποθ’
385 2271 577 2358 ὑφαιρεῖται
594 2269 633 2338 τό
648 2281 880 2354 γραμματεῖον.
903 2267 1055 2351 αἰτιωμέ-

98 2396 161 2438 νου
179 2370 215 2437 δὲ
231 2371 286 2437 καὶ
302 2366 394 2436 δεινοὶ
406 2374 581 2446 ποιοῦντος
590 2363 813 2452 τάνθρώπου,
836 2366 891 2432 καὶ
902 2367 1055 2450 λέγοντος

99 2466 150 2535 ότι
168 2463 278 2546 οὐδεὶς
295 2465 395 2546 ἀλλος
405 2465 590 2554 όφῆρηται,
612 2472 658 2544 εἰς
667 2471 766 2533 τοῦτο
778 2462 964 2550 ἀφικνεῖται
976 2467 1054 2550 βδε-

54 2571 214 2650 61-λορῖας
232 2562 315 2632 ὥστε
331 2563 467 2633 τύπτειν
484 2568 669 2652 ἐπεχείρησε
678 2561 739 2633 τὸν
750 2561 944 2650 ἀνθρωπον.
975 2589 1054 2630 νεα-

99 2663 158 2751 λῆς
170 2666 206 2732 δὲ
217 2667 272 2733 καὶ
283 2663 475 2752 πρόσφατος
486 2657 535 2731 ἀν
546 2665 670 2742 ἐκεῖνος
681 2671 800 2750 περιῆν
809 2658 914 2728 αὐτοῦ
924 2685 1054 2744 τεταρι-

98 2764 261 2848 χευμένου
278 2769 332 2830 καῖ
351 2760 460 2830 πολὺν
474 2762 600 2848 χρόνον
618 2761 877 2848 ἐμπεπτωκότος.
910 2757 953 2838 ὡς
964 2759 995 2828 δ’
1008 2766 1054 2838 εἰς

97 2858 196 2930 τοῦθ’
215 2852 313 2946 ῆκεν,
336 2858 490 2928 ἀπεσθίει
505 2863 568 2947 τῆν
578 2863 655 2949 ῥῖνα
665 2857 881 2958 τάνθρρόπου.
914 2862 969 2927 καὶ
980 2858 1053 2925 τότε

97 2959 158 3045 μὲν
174 2959 248 3041 περὶ
263 2953 325 3043 τῆν
341 2973 521 3044 γεγονυῖαν
532 2956 711 3045 συμφορὰν
721 2957 1054 3044 ἀνθρωποςγενόμε-

97 3084 155 3135 νος
177 3054 299 3142 ἀπέστη
321 3065 383 3124 τοῦ
403 3056 440 3126 τό
461 3071 687 3145 γραμματεῖον
704 3060 846 3141 ἐρευνᾶν
861 3057 916 3122 καὶ
933 3058 1052 3140 ζητεῖν·

97 3155 239 3242 ὕστερον
251 3153 283 3221 δ’
296 3151 486 3241 εὑρίσκουσι
496 3161 534 3224 τό
545 3169 768 3243 γραμματεῖον
779 3155 817 3222 ἐν
828 3157 969 3239 κιβωτίφ
978 3152 1052 3236 τινὶ,

98 3246 141 3322 οὗ
157 3253 219 3341 τῆν
234 3262 326 3322 κλεῖν
343 3245 440 3334 οὗτος
457 3253 551 3340 εἶχεν.
585 3254 640 3321 καὶ
650 3249 732 3338 μετὰ
743 3259 847 3318 ταῦτα
857 3254 1113 3336 ψηφίζονταιηςς

98 3356 172 3439 περὶ
194 3349 299 3419 αὐτοῦ
320 3360 424 3420 ταῦτα
446 3357 480 3421 οἱ
495 3356 533 3422 ἐν
550 3362 598 3439 τῷ
613 3351 780 3439 οἰκήματι,
805 3345 983 3436 μῆπνρὸς,
1008 3345 1051 3433 μῆ

98 3451 238 3536 λύχνου,
257 3451 301 3539 μῆ
313 3459 434 3536 ποτοῦ,
456 3453 501 3540 μῆ
512 3459 646 3542 βρωτοῦ
657 3445 799 3538 μηδενός
810 3448 935 3535 μηδένα
945 3447 1051 3538 τούτφ

140 3548 275 3605 Demosth.
312 3549 370 3602 Vol.
386 3547 423 3599 11.
869 3545 901 3601 19
1112 3592 1145 3615 ,
