2370 3854
348 238 491 298 ΚΑΤΑ
518 236 762 298 ΜΕΙΔΙΟΤ.
992 233 1032 296 55

84 406 204 466 τοῦτον
215 405 260 477 είς
277 395 380 485 ὑμᾶς,
405 395 601 482 ὡςμένέμοί
613 401 718 480 δοκεῖ,
748 393 793 464 δι’
806 391 981 483 ἀμφότερ’,
1005 388 1033 463 ἀ

83 498 202 586 ἀνδρες
210 496 396 584 Ἀθηναῖοι,
415 495 456 582 νή
468 493 546 574 τοὺς
557 494 676 582 θεοὺς,
693 500 748 563 καί
760 494 852 564 δεινά
864 496 1033 563 πεπονθέ-

82 624 138 664 ναι
153 603 341 681 νομίζοντες
358 596 414 681 ἐμὲ
431 598 486 662 καί
504 599 600 680 δίκην
618 593 686 680 ἅμα
703 595 901 682 βουλόμενοι
919 602 1033 682 λαβεῖν

85 686 133 762 οἷν
144 697 196 762 ἐπὶ
206 703 276 761 τῶν.
285 692 398 762 ἀλλων
409 695 582 761 ἐτεθέαντο
594 692 730 775 θρασὺν
743 693 823 762 ὄντα
840 696 894 762 καί
912 700 1033 781 βδελν-

58 784 478 874 3ρὸνκαὶούδὺκαθεκτδν
490 799 545 859 ἔτι.
579 791 667 860 οὑτω
680 794 714 861 δὲ
731 792 859 860 τούτων
877 793 1031 877 ἐχόντων,

84 891 146 959 ὅσα
163 894 223 978 μὲν
241 891 322 977 παρ’
341 896 423 977 ἐμοῦ
441 901 587 978 προσῆκε
605 900 833 978 φυλαχθῆναι,
855 893 965 959 πάντα
982 895 1033 957 δι-

83 997 183 1070 καίως
199 989 280 1076 ὑμῖν
296 991 484 1077 τετήρηται,
506 993 561 1058 καί
578 993 832 1078 κατηγορήσων,
855 991 968 1075 ἐπειδή
985 1015 1033 1067 τις

84 1090 222 1175 είσάγει,
235 1089 378 1175 πάρειμι,
392 1087 436 1167 ως
447 1087 554 1174 ὁρᾶτε,
566 1087 672 1157 πολλά
682 1094 753 1174 μὲν,
766 1083 794 1156 τί
805 1088 925 1171 ἀνδρες
932 1086 1034 1173 Ἀθη-

83 1202 184 1271 ναῖοι,
207 1185 345 1272 χρήματ’
367 1187 442 1267 ἐξόν
459 1214 515 1272 μοι
532 1196 646 1275 λαβεῖν
664 1187 746 1255 ὥστε
764 1187 807 1273 μή
825 1201 1032 1272 κατηγορεῖν,

83 1283 124 1352 ού
141 1284 269 1371 λαβὼν,
291 1284 416 1364 πολλὰς
433 1286 468 1353 δέ
486 1288 614 1373 δεήσεις
630 1291 685 1355 καὶ
702 1289 834 1372 χάριτας
849 1289 904 1354 καὶ
920 1286 961 1371 νή
975 1282 1032 1351 Δί’

56 1381 216 1460 τάπειλάς
228 1381 416 1467 ὑπομείνας.
441 1380 461 1449 ἀ
473 1383 501 1448 δ’
513 1389 548 1450 ἐν
560 1383 639 1469 ὑμῖν
648 1386 727 1468 μετά
736 1386 839 1451 ταύτά
849 1389 937 1451 ἐστιν
948 1381 1034 1450 ὑπό-

83 1492 199 1560 λοιπα,
222 1481 290 1570 ὅσῳ
310 1490 458 1549 πλείοσιν
475 1475 573 1560 οὗτος
590 1482 761 1568 ήνοίχληκε
772 1486 826 1550 καὶ
838 1482 1032 1568 περιήγγελ-

83 1607 142 1647 κεν
161 1580 288 1664 (ἐώρων
305 1580 368 1666 γὰρ
388 1578 492 1648 αύτδν
508 1579 582 1664 ἀρτι
594 1580 658 1664 πρὸ
670 1590 737 1648 των
748 1585 969 1666 δικαστηρίων
980 1575 1033 1648 οἷα

83 1681 220 1764 ἐποίει),
243 1678 392 1768 τοσούτω
410 1688 537 1764 μᾶλλον
548 1683 661 1760 ἐλπίζω
673 1680 710 1747 τὸ
724 1686 852 1747 δίκαιον
864 1682 957 1759 ἕξειν.
993 1676 1033 1744 ού

81 1774 145 1861 γάρ
163 1773 207 1843 ἀν
223 1786 424 1864 καταγνοίην
441 1777 538 1863 ὑμῶν
557 1776 695 1856 οὐδενὸς
717 1777 796 1846 οὔθ’
822 1775 864 1856 ὡς
886 1779 961 1859 περὶ
984 1768 1034 1843 οὑν

81 1875 164 1958 πρὸς
176 1877 230 1962 ἐμὲ
242 1878 468 1944 ἐσπουδάσατε
480 1876 590 1962 αὐτοὶ,
603 1877 731 1944 τούτων
742 1875 937 1962 ἀμελήσετε,
951 1873 1030 1943 οὔθ’

83 1972 136 2059 ως,
149 1980 204 2041 ἵνα
215 1981 358 2054 Μειδίας
370 1974 474 2053 ἀδεεῖς
484 1973 520 2042 τδ
534 1972 653 2043 λοιπὸν
663 1973 789 2063 ὑβρίζη,
805 1981 977 2060 ψηφιεῖταί
984 2000 1033 2052 τις

81 2069 176 2156 ὑμῶν
194 2069 376 2158 ὀμωμοκώς
393 2072 475 2142 ἀλλο
492 2101 523 2140 τι
540 2071 659 2158 πλήνὸ
669 2101 700 2140 τι
710 2069 754 2140 ἀν
765 2077 895 2140 δίκαιον
905 2071 1032 2158 ήγήται.
1139 2108 1142 2112 ’

57 2176 112 2237 5εί
122 2171 184 2255 μὲν
196 2164 276 2256 ούν,
300 2165 327 2238 ἀ
339 2171 458 2256 ἀνδρες
466 2171 654 2257 Ἀθηναῖοι,
677 2173 882 2262 παρανόμων
892 2168 914 2256 ή
927 2196 1034 2253 παρα-

81 2276 256 2352 πρεσβείας
272 2269 293 2351 ή
309 2295 398 2346 τινος
415 2269 517 2354 ἀλλης
535 2277 637 2347 αίτίας
660 2279 800 2355 ἔμελλον
818 2272 921 2336 αὐτοῦ
933 2294 1034 2350 κατη-

81 2381 195 2448 γορεῖν
204 2367 367 2450 τοιαύτης,
381 2365 482 2433 ούδὲν
495 2363 538 2432 ἀν
549 2365 645 2451 ὑμῶν
657 2365 772 2452 ήξίονν
784 2371 925 2450 δεῖσθαι,
939 2368 1035 2448 νομί-

83 2467 146 2541 ζων
164 2469 211 2550 τῷ
228 2461 289 2546 μὲν
307 2463 479 2554 κατηγόρῳ
500 2468 574 2548 περὶ
591 2474 659 2532 των
676 2464 837 2533 τοιούτων
855 2463 1034 2549 προσήκειν
1045 2473 1094 2526 516

81 2564 222 2646 ἐλέγχειν
248 2560 364 2647 μόνον,
393 2571 440 2652 τῷ
469 2563 504 2631 δέ
533 2563 692 2649 φεύγοντι
714 2565 767 2630 καὶ
790 2570 1031 2646 παραιτεῖσθαι.

81 2659 192 2745 ἐπειδή
218 2664 253 2726 δὲ
275 2662 354 2739 τούς
376 2688 410 2728 τε
433 2661 546 2744 κριτάς
564 2667 822 2746 διαφθείραντος
838 2661 962 2727 τούτου
979 2659 1035 2725 καί

82 2759 136 2826 διά
157 2768 256 2827 τοῦτο
278 2769 336 2846 τής
357 2770 465 2847 φνλής
486 2759 607 2839 ἀδίκως
627 2760 864 2846 ἀφαιρεθείσης
884 2758 944 2825 τὸν
964 2762 1035 2841 τρί-

57 2864 186 2942 6τιοδα,
208 2861 263 2925 καὶ
280 2857 381 2938 αύτὸς
402 2859 527 2944 πληγάς
544 2860 688 2945 είληφως
705 2862 760 2927 καὶ
772 2858 970 2945 ὑβρισμένος
982 2850 1034 2921 οἷα

84 2958 146 3026 οὐκ
160 2955 218 3025 οἶδ
231 2977 263 3025 ετ
269 2986 316 3036 τις
328 2958 427 3035 ἀλλος
437 2957 568 3026 πώποτε
578 2956 718 3043 χορηγὸς
728 2955 885 3042 ὑβρίσθη,
897 2951 939 3040 ήν
951 2950 1033 3032 ὑπὲρ

83 3058 212 3124 τούτων
229 3054 458 3140 ἀγανακτήσας
475 3058 529 3124 καὶ
550 3059 783 3141 συνοργισθεὶς
804 3074 1034 3137 καταχειροτο-

83 3162 160 3222 νίαν
173 3152 190 3221 ὁ
204 3159 306 3238 δῆμος
318 3153 509 3240 ἐποιήσατο,
532 3155 657 3240 ταύτην
669 3160 871 3238 είσέρχομαι,
894 3148 957 3217 οὐκ
974 3146 1034 3216 ο’κ-

84 3255 173 3337 νήσω
186 3253 240 3318 καί
250 3257 388 3319 δεῖσθαι.
413 3251 515 3338 είγάρ
527 3249 644 3321 οἷόντε
656 3249 745 3319 τοῦτ’
760 3255 880 3331 είπεῖν,
892 3245 957 3332 ἐγω
968 3255 1035 3314 νῦν

84 3351 215 3435 φεύγω,
240 3360 330 3432 είπερ
348 3347 551 3436 ὑβρισθέντα
568 3355 727 3437 μηδεμιᾶς
744 3352 836 3432 δίκης
846 3357 957 3429 τυχεῖν
968 3343 1037 3408 ἐστί

58 3460 131 3526 ’λτις
147 3449 314 3535 συμφοραί.
347 3453 462 3534 δέομαι
479 3443 543 3518 οὑν
564 3448 660 3535 ὑμῶν
677 3446 852 3531 ἀπήντων,
876 3436 1035 3527 ἀάνδρες
1085 3445 1093 3453 '
