2370 3854
341 212 480 273 ΠΡΟΣ
508 208 823 270 ΛΕΠΤΙΝΗΝ.-
1010 208 1051 272 21

101 370 284 464 άΦιλέππηι
295 374 358 460 μέν
367 375 457 440 ἐστιν
468 366 610 455 ὐπήιιοα,
620 362 702 453 ὐμῑν
712 367 739 436 δ
751 370 867 457 έχθρά,
879 368 939 439 τὸν
951 365 1056 439 αὐτον

100 471 226 555 τρόπον
244 470 348 555 ὅνπερ
362 466 384 558 ἡ
398 467 508 547 Θάσος
523 460 568 554 ἦν
584 465 659 535 τότε
674 470 730 537 καὶ
739 468 778 536 τὸ
787 470 973 551 Βυζάντιον
982 476 1054 538 Λα-

99 569 391 656 κεδαιμονίοιςμὲν
407 573 530 653 οδιιελα,
550 563 630 653 ὐμῖν
648 563 681 634 δ’
699 565 872 656 ἀλλότρια,
894 572 1055 655 παραδα-

99 690 171 737 σειν
179 664 267 736 ταῦτ’
280 671 539 754 ἐπαγγείλαιντο,
546 660 590 733 άν
598 662 710 745 αὐτοῖς
717 663 777 746 τάς
785 663 888 745 αὐτάς
896 671 980 736 δάιε
988 671 1055 734 δοι-

102 766 180 853 ρεάς
198 768 304 855 ἅσπερ
311 766 483 856 Ἐκφάντῳ
501 771 549 856 τῷ
560 770 672 854 Θασίῳ
689 766 745 835 καὶ
754 763 908 855 Ἀρχεβίῳ
928 773 976 852 τῷ
984 773 1055 834 Βυ·
1176 828 1179 833 ,

56 872 235 956 σάξαντίῳ,
261 873 321 935 καί
336 892 423 945 τινες
443 865 573 934 τούτων
593 861 797 949 ἀντιλέγοιεν
819 861 930 944 αὐτυλς
950 871 1055 933 ταῦτα
1158 868 1161 873 ⁴

100 969 268 1053 λέγοντες,
292 962 337 1045 ὡς
352 963 465 1033 δεινὰν
482 973 516 1033 ελ
527 989 614 1043 τινες
630 962 730 1049 μόνοι
741 971 810 1032 τῶν
821 962 933 1033 άλλων
943 969 1055 1050 μετοί-

99 1090 169 1132 κων
180 1061 225 1150 μὴ
236 1078 420 1150 χορηγοῖεν,
432 1069 503 1142 πῶς
514 1060 587 1130 ποτ’
600 1056 643 1130 άν
654 1067 757 1147 έχοιτε
767 1062 851 1146 πρὸς
861 1060 941 1141 τούς
949 1069 1054 1130 ταῦτα

99 1168 271 1248 λέγοντας,
293 1161 314 1249 ἢ
334 1168 439 1249 δῆλον
453 1159 505 1230 ὅτι
521 1159 640 1248 φωνην
657 1159 719 1230 οὐκ
736 1157 780 1230 άν
796 1159 999 1249 ἀνάσχοισθε
1010 1158 1055 1240 άς

100 1262 421 1346 συαοφαντούντωνς
443 1258 570 1329 οὐκοῦν
586 1259 741 1347 αἰσχρὰν,
762 1267 794 1330 εἰ
807 1266 984 1347 μέλλοντες
993 1260 1055 1346 μὲν

99 1353 139 1427 εὐ
150 1360 287 1448 πάσχειν
298 1358 515 1444 συκοφάντην
526 1352 570 1426 άν
578 1355 751 1426 τδνταῦτα
758 1361 897 1444 λέγοντα
905 1357 1055 1445 ἡγοῖσθε,

99 1462 152 1527 ἐπὶ
172 1468 220 1548 τῷ
241 1458 274 1525 δ’
298 1455 484 1543 ἀφελέσθαι
505 1457 565 1536 τάς
584 1465 653 1525 τάν
674 1459 846 1544 προτέρων
870 1457 1055 1544 εὐεργετεῖν

100 1556 227 1642 δωρεάς
237 1564 340 1624 ταῦτα
351 1556 519 1642 λεγόντοιν
529 1553 729 1625 άιιοάσεσθε.
761 1561 842 1642 φέρε
860 1554 902 1643 δὴ
919 1555 1054 1625 κάαεῖνο

54 1655 311 1740 σδέξετάσωμεν.
343 1658 377 1723 ολ
393 1653 574 1740 προδόντες
584 1652 646 1742 τὴν
656 1655 800 1724 Πύδναν
811 1657 866 1725 καὶ
876 1653 979 1725 τάλλοι
988 1682 1055 1743 χοι-
1064 1667 1117 1724 476

99 1759 154 1840 ρία
164 1759 211 1841 τῷ
223 1757 376 1842 Φιλίππῳ
386 1761 434 1842 τῷ
444 1750 520 1821 ποτ’
538 1756 740 1838 ἐπαρθέντες
755 1752 842 1841 ἡμᾶς
856 1753 1013 1842 ἤδίκοννς
1033 1750 1056 1840 ἢ

98 1860 180 1919 πᾶσι
196 1851 365 1938 πρόδηλον
383 1859 500 1939 τοῦτο,
523 1851 576 1920 ὅτι
591 1867 661 1933 ταις
671 1850 752 1938 παρ’
765 1857 895 1922 ἐκείνου
906 1857 1054 1939 δωρεαῖς,

99 1947 137 2029 άς
158 1951 212 2020 διά
233 1958 337 2019 ταῦτα
357 1956 494 2020 ἔσεσθαι
514 1958 629 2038 σφίσιν
649 1950 811 2039 ἡγοῦντο;
831 1952 974 2036 πότερον
990 1944 1054 2020 οὐν

98 2055 228 2137 μᾶλλον
240 2054 307 2118 έδει
316 2069 371 2136 σε,
384 2043 584 2138 ὐΛεπτίνη,
595 2051 675 2130 τούς
685 2050 846 2139 ἐχθρούς,
858 2057 889 2120 εἰ
897 2051 1052 2137 δύνασαι,

98 2162 209 2216 πεῖσαι
224 2144 445 2228 τούςέπὶτοῐς
455 2148 539 2233 πρὸς
548 2147 636 2236 ἡμᾶς
646 2147 826 2238 ἀδικήμασι
835 2156 1054 2238 γιγνομένους

98 2251 236 2316 ἐκείνων
253 2244 426 2332 εὐεργέτας
444 2245 488 2333 μὴ
506 2256 622 2334 τιμάν,
643 2245 666 2335 η’
682 2261 795 2316 θεῖναι
810 2248 916 2335 νόμον
926 2248 1007 2337 ἡμῖν
1018 2247 1056 2328 ὃς

98 2354 167 2413 τοῖν
186 2359 255 2424 τοῖς
274 2342 445 2431 ἡμετέροις
467 2344 653 2433 εὐεργέταις
674 2343 898 2432 ὑπάρχουσάν
919 2351 1056 2435 δωρεῶν

99 2441 288 2528 ἀφαιρεῖταί
304 2468 352 2522 τις
373 2439 438 2528 ἐγοδ
461 2445 523 2530 μὲν
544 2446 650 2513 έκεῖνο
671 2441 772 2529 οἶμαι.
834 2440 909 2514 ἀλλ’
931 2449 988 2513 ἵνα
1009 2445 1054 2532 μὴ

98 2543 214 2631 πόρρω
231 2549 293 2611 τοῦ
308 2543 474 2627 παρόντος
489 2547 652 2631 γένωμαι,
674 2544 756 2632 λαβλ
772 2541 813 2612 τά
828 2540 1056 2630 ψηφίσμαπαδ

98 2656 166 2721 τοῖς
177 2650 312 2722 Θασίοις
322 2645 378 2711 καλ
388 2647 580 2723 Βυζαντίοις
590 2644 730 2730 ἐγράφη.
752 2646 834 2728 λέγε.

433 2817 729 2881 ΨΗΦΙΣΜΑΤΑ.

53 2963 90 3020 ης
183 2936 364 3010 Ἠαούσατε
374 2941 437 3026 μέν
448 2950 517 3010 τῶν
526 2941 766 3029 ψηφισμάτων,
790 2934 1056 3028 ὐάνδρεςδιιια-

99 3038 191 3121 σταὶ,
212 3039 390 3108 τούτωνδ’
409 3050 488 3119 ἴσως
504 3045 588 3109 ἔνιοι
602 3048 671 3109 τῶν
687 3038 824 3127 ἀνδρῶν
835 3038 944 3109 οὐκέτ’
960 3044 1052 3107 εἰσίν.

98 3133 182 3206 άλλά
203 3136 243 3206 τά
265 3144 346 3226 ἔργα
368 3138 409 3207 τά
430 3137 612 3226 πραχθέντ’
636 3144 741 3225 ἔστιν,
769 3137 945 3226 ἐπειδήπερ
967 3135 1053 3218 ἅπαξ

98 3235 258 3322 ἐπράχθη.
291 3236 452 3324 προσήκει
469 3244 587 3306 τοίνυν
602 3237 661 3317 τάς
677 3238 797 3324 στήλας
806 3236 927 3316 ταύτας
937 3243 1053 3322 κυρίας

98 3337 158 3400 ε’άν
168 3330 230 3400 τὸν
240 3332 349 3400 πάντα
358 3335 498 3423 χρόνον,
510 3333 568 3423 ἵν’,
581 3336 644 3416 ἔοις
653 3336 716 3421 μὲν
725 3334 769 3403 άν
778 3360 865 3414 τινες
876 3339 954 3416 ζῶσι
962 3387 972 3422 ,
989 3362 1055 3424 μη-

98 3430 156 3499 δὲν
173 3426 237 3516 ὐφ’
257 3429 354 3517 ὐμούν
373 3430 572 3521 άδιιιούνται,
593 3434 728 3504 ἐπειδάν
746 3432 783 3503 δὲ
804 3429 1061 3516 τελευτήσωσινι
