2370 3854
171 207 233 270 ‘236
384 211 481 268 XXIV.
503 207 920 270 ΔΗΜΟΣΘΕΝΟΤΣ

37 422 60 461 ι.
170 368 370 437 καθιστάναι
381 366 461 447 τούς
480 366 641 456 ἐγγυητάς
660 361 765 455 ήμήν
787 371 927 439 ἐκτίσειν
943 368 980 439 τό
998 377 1120 457 τίμημα

59 500 62 505 ·
169 465 206 534 τὸ
216 465 427 552 γιγνόμενον,
439 465 730 552 προσπεριειλήφει
740 466 819 546 τοδς
829 468 955 554 νόμους
966 464 1020 553 άν,
1040 466 1117 537 καθ’

169 561 229 642 οδς
247 562 288 631 τά
309 562 371 650 μὲν
393 568 557 648 δεκαπλᾶ,
577 567 618 631 τὰ
642 566 750 632 δὲκαὶ
768 569 867 632 διπλᾶ
884 572 1031 652 γίγνεται
1051 573 1179 638 τοίνῖῖῖ

26 750 29 757 Ι
141 713 143 717 «
169 660 385 749 ὀφλημάτων·
411 659 489 729 ὥστ’
502 665 539 730 ἐκ
555 662 686 730 τούτων
702 655 746 749 ήν
757 659 886 751 ἀνάγκη
897 677 966 742 τοῖς
976 662 1120 749 όφλοῦσι

168 761 449 846 τόγεγραμμένον
474 757 503 827 τ’
528 764 669 830 ἐκτίνειν
695 765 750 830 καὶ
771 760 829 841 τὰς
857 765 983 832 ἐκτῶν
1003 764 1119 848 νόμων

16 860 30 881 ”
74 900 77 911 ·
169 858 360 943 προσούσας
381 864 494 945 ζημίας
517 860 748 946 καταβάλλειν.
779 869 845 928 νῦν
868 860 904 930 δὲ
925 869 973 951 τῷ
992 861 1120 946 γράψαι

163 954 248 1044 “τήν
264 959 465 1026 κατάστασιν
483 955 652 1026 εἶναιτῶν
669 961 842 1044 ἐγγυητῶν
856 950 880 1044 ή
895 957 962 1045 μήν
978 962 1119 1026 ἐκτίσειν

163 1053 221 1124 “vd
242 1054 405 1143 ἀργύριον
422 1054 443 1124 δ
461 1048 596 1143 &ww
618 1059 654 1124 ἐκ
664 1064 724 1142 τῆς
734 1056 856 1143 λήξεως
867 1059 922 1123 καὶ
932 1064 1000 1123 τῶν
1011 1081 1119 1141 γραμ-

167 1155 297 1240 μάτων,
319 1152 368 1240 ἐφ’
390 1150 439 1234 οἷς
455 1155 593 1234 ἕκαστος
615 1155 771 1243 εἰσήχθη,
793 1153 963 1241 ποιεῖτὴν
984 1159 1118 1238 ἔκτισιν,

166 1256 204 1320 ἐν
222 1247 272 1330 οἷς
286 1260 388 1321 πᾶσιν
404 1250 551 1338 ἁπλοῦν,
576 1252 654 1333 ὅτις
673 1247 802 1340 ὦφλεν,
824 1252 989 1339 άργάριον
998 1256 1119 1340 γέγρα-

166 1377 252 1420 πται.

123 1461 159 1514 84
250 1453 347 1520 Μετὰ
358 1461 463 1521 ταῦτα
472 1459 589 1521 τοίνυν
599 1459 776 1538 τηλικοῦτο
791 1457 929 1537 πρᾶγμα
941 1447 1071 1518 άνελοδν
1081 1454 1120 1518 ἐν

22 1544 25 1549 ’
165 1561 206 1640 τῇ
216 1561 284 1619 τῶν
295 1551 452 1640 ῥημάτων
461 1559 635 1638 μεταθέσει
646 1547 962 1640 προσέγραψεῗτοδς
973 1549 1009 1618 δὲ
1018 1552 1120 1633 προέ-

162 1647 285 1733 “δρους
295 1653 550 1737 ἐπιχειροτονεῖν
561 1649 754 1736 ἐπάναγκες,
766 1647 848 1717 ὅταν
858 1675 907 1727 τις
916 1648 1119 1718 καθιστάναι

162 1746 375 1837 “βούληται,”
388 1747 478 1834 παρὰ
490 1746 599 1817 πάντα
615 1746 676 1816 τὸν
686 1748 795 1834 νόμον
807 1747 960 1834 οἰόμενος
971 1751 1041 1814 δεῖν
1052 1747 1120 1814 σοι’-

166 1851 232 1927 ζειν
242 1844 303 1915 τὸν
313 1845 493 1934 ήδικηκότα
504 1849 560 1915 καὶ
570 1845 630 1915 τδν
640 1850 678 1916 ἐν
688 1845 769 1934 ὑμῖν
779 1845 940 1934 ἡλωκότα.
964 1844 1119 1931 δοδςγδιρ

168 1944 251 2014 ὅταν
268 1948 429 2033 βούληται
446 1945 508 2033 τήν
525 1945 729 2014 κατάστασιν
745 1944 836 2035 αὐτῷ
851 1954 920 2013 τοῖν
936 1947 1119 2031 ἐγγυητῶν,

168 2042 221 2112 ἐπ’
234 2048 350 2136 ἐκείνφ
368 2051 526 2131 πεποίηκε
543 2042 702 2132 μηδέποτ’
721 2047 847 2113 ἐκτῖσαι
863 2046 945 2132 μηδὲ
968 2049 1118 2130 δεθῆναι.

121 2149 217 2223 ὅστίς
232 2142 297 2231 γάρ
316 2142 358 2212 οὐ
374 2159 536 2229 ποριεῖται
553 2145 705 2231 φαύλους
721 2141 942 2230 ἀνθρώπους,
966 2141 1026 2223 οὓς
1037 2141 1120 2221 ὅταν

168 2243 260 2331 ὑμεῖς
280 2243 596 2332 άποχειροτονήσητε
622 2241 861 2326 άπαλλάξεταις
904 2241 964 2313 ἐάν
985 2241 1049 2329 γάρ
1070 2266 1120 2320 τις

169 2341 213 2422 dg
224 2342 266 2410 οὐ
276 2345 483 2412 καθιστάντα
494 2343 574 2424 τούς
585 2343 747 2432 ἐγγυητάς
764 2343 851 2426 άξιοῖ
860 2348 1033 2427 δεδέσθαι,
1052 2339 1119 2426 φή-

167 2461 217 2508 σει
232 2444 288 2508 καὶ
307 2442 509 2510 καθιστάναι
528 2447 582 2511 καὶ
598 2444 831 2530 καταστήσειν,
853 2445 909 2511 καὶ
929 2446 1028 2520 δείξει
1058 2437 1124 2507 τόνΙ

166 2542 289 2607 τούτου
305 2540 429 2627 νόμον,
455 2539 492 2620 ὃς
508 2543 708 2610 καθιστάναι
718 2545 780 2627 μὲν
798 2539 879 2608 ὅταν
890 2538 1050 2627 βούληται
1061 2564 1119 2604 κε-

166 2640 272 2728 λεάει,
296 2640 476 2727 φυλάττειν
489 2641 525 2709 δὲ
535 2645 615 2719 τέως
626 2639 669 2709 οὐ
678 2643 776 2725 λέγει,
791 2637 879 2724 οὐδ’,
891 2633 1119 2719 άνάποχειρο-

166 2738 324 2825 τονήσηθ’
338 2738 431 2825 ὑμεῖς
448 2738 527 2818 τοὺς
545 2735 721 2825 ἐγγυητάς,
739 2736 933 2820 προστάττει
950 2735 1117 2819 δεδέσθαι,

167 2835 234 2906 ἀλλ’
251 2835 297 2916 ὡς
307 2837 443 2925 ἀληθεῖς
460 2837 571 2921 οἵσπερ
589 2835 860 2924 ἀλεξιφάρμακόν
875 2837 944 2903 ἐστι
960 2849 1028 2913 τοῖς
1045 2831 1118 2901 ἄδι-

168 2939 474 3025 κεῑνβουλομένοις.

123 3042 157 3098 86
255 3046 309 3129 Τῷ
322 3037 357 3107 δὲ
366 3037 624 3125 καταστήσαντι,
647 3039 745 3124 φησὶ,
765 3033 845 3115 τοδς
862 3035 1036 3120 ἐγγυητάς,
1058 3036 1118 3100 ἐὰν

167 3136 317 3227 ἀποδιδῷ
334 3147 375 3226 τῇ
386 3137 482 3206 πόλει
497 3135 535 3206 τὸ
554 3135 717 3222 άργάριου
733 3132 781 3221 ἐφ’
802 3127 832 3224 φ’
847 3136 1024 3220 κατέστησε
1039 3130 1118 3208 τοδς

167 3234 345 3323 ἐγγυητάς,
363 3235 525 3323 ἀφεῖσθαι
540 3245 602 3303 τοῦ
613 3240 750 3321 δεσμοῦ.
784 3233 885 3300 πάλιν
896 3227 1030 3301 ἐνταῦθ’
1043 3232 1118 3297 ἐπέ-

168 3358 281 3419 μεινεν
297 3337 349 3402 ἐπὶ
359 3344 421 3404 τοῦ
438 3335 712 3420 κακουργήματος
729 3330 749 3400 δ
765 3340 873 3420 μικρῷ
890 3330 1055 3416 πρότερον
1072 3323 1119 3392 εἶ-

164 3455 242 3516 πον,
264 3434 319 3499 καὶ
340 3430 403 3499 οὐκ
428 3433 621 3517 ἐπελάθετο,
638 3429 713 3499 οὐδ’
737 3437 859 3517 ἔγραψε
878 3428 915 3498 τό
938 3435 1059 3514 τίμημα
1079 3424 1117 3490 τὸ
