2370 3854
390 216 536 278 ΚΑΤΑ
572 215 817 278 MEIAIOY.
928 244 930 250 ¹
1043 211 1085 276 87

131 408 190 450 τον
201 375 304 449 αάτόν
314 379 369 447 καὶ
381 375 709 462 καταρξάμενοντῶν
721 379 829 458 ίερων.
863 369 919 462 ἆρ’
933 369 993 460 άυ,
1008 373 1082 483 εἰγ’

130 478 194 565 εἶχε
215 477 355 565 στιγμὴν
375 472 397 564 ἢ
418 474 516 544 σκιάν
537 473 668 542 τούτων
689 501 738 542 ων
765 473 980 554 κατεσκεύαζε
1006 498 1068 540 κατ

132 580 223 663 ἐμοῦ,
235 574 322 644 ταῦτ’
335 602 379 643 αν
390 585 516 644 είασευ
507 572 594 659 ,ἐγω
607 569 719 659 μίν
679 598 742 640 ουκ
754 570 788 641 οἰ
785 599 852 658 μαι
876 569 1083 652 οὐκοῦνέξε-

130 669 1081 761 λέγχεταιτούτοιςίναργνδςὕβρειζητιδνμεέκβάλλεινἐκ

128 779 360 861 τηςπατρίδος.

69 888 120 942 116
209 870 337 959 Ἐπειδὴ
362 877 478 940 τοίνυν
499 879 597 940 τοῦτο
619 866 658 938 τὰ
679 876 814 955 πρᾶγμα
837 867 915 937 οὐδὲ
936 866 1018 937 καθ’
1043 871 1081 936 ἓν

129 979 279 1056 πανταχῆ
290 974 443 1092 στρέφων
453 963 526 1048 υἷάς
535 967 567 1037 τ’
581 960 626 1054 ἦν
636 966 772 1054 άγαγεῖν
782 965 834 1035 ἐπ’
848 967 913 1055 ἐμὲ,
927 974 1081 1053 φανερῶς

127 1067 191 1158 ἤδη
204 1066 247 1136 δι’
261 1060 386 1154 ἐμοῦ
353 1090 413 1138 τον
421 1065 633 1153 Αρισταρχον
643 1067 870 1154 ἐσυκοφαντει
903 1069 958 1135 καί
967 1093 1007 1134 τα
996 1065 1081 1151 μὲν

127 1166 211 1234 ἄλλα
228 1174 356 1235 σιωπῶ
378 1165 490 1253 τῆςδὲ
505 1170 628 1251 βουλῆς
644 1167 719 1250 περὶ
735 1165 866 1233 τούτων
889 1167 1080 1250 καθημένης

128 1267 182 1331 καί
192 1267 439 1350 σκοπουμένης,
462 1259 643 1347 παρελθων
654 1288 753 1342 ουτος
760 1259 919 1347 “άγνοείτ’
930 1256 1047 1348 ”ἰφη“
1052 1253 1080 1328 ά

121 1358 249 1448 “βουλὴ
255 1411 265 1445 ,
277 1360 314 1427 τὸ
326 1367 477 1445 πρᾶγμας
468 1357 594 1427 καὶ
561 1385 620 1428 τον
631 1357 805 1445 αὐτόχειρα
817 1356 961 1446 ἰχουτεξ’
972 1366 1079 1444 λέγων

126 1457 186 1526 τὸν
194 1456 408 1544 Ἀρίσταρχον
420 1453 575 1543 “μίλλετε
592 1459 681 1538 καίζ
665 1463 784 1544 ζητεῖτε
800 1459 856 1526 καί
866 1458 1078 1545 τετάφωσθε;

122 1553 442 1637 “οὐκάποκτενελτε;
465 1555 527 1624 σάν
540 1559 592 1623 ἰπὶ
602 1554 663 1644 την
674 1561 782 1625 οἰκίαν
791 1559 981 1643 βαδιεῖσθες
1004 1551 1078 1641 οάχί

67 1651 390 1740 117“συλλη’φεσθεγ”
411 1657 467 1723 καί
485 1652 578 1723 ταῦτ’
598 1660 710 1740 ἔλεγεν
727 1652 928 1742 ἡμιαρᾶκαί
939 1650 1078 1741 ἀναιδὴς
1159 1685 1162 1695 ²

125 1752 208 1840 αὕτη
222 1751 349 1840 κεφαλὴ
362 1752 567 1840 ἐξεληλνθάς
577 1761 617 1842 ιη’
627 1762 806 1843 προτεραίᾳ
817 1751 896 1842 παρ’
908 1753 1079 1839 Ἀριστάρ-

123 1876 201 1936 χου,
223 1853 279 1918 καί
294 1851 462 1938 χρώμενος
479 1850 590 1937 ὥσπερ
607 1847 652 1919 άν
668 1850 768 1931 άλλος
784 1878 833 1932 τις
851 1850 943 1942 αὐτῷ
960 1849 1000 1920 τά
1012 1849 1077 1938 πρὸ

124 1948 262 2032 τούτου,
274 1948 345 2035 καὶ,
364 1945 575 2036 ὅτήὐτάχει,
593 1958 727 2019 πλείστα
739 1951 982 2038 παρεσχηκότος
992 1953 1078 2019 ἐκεί,

125 2072 188 2113 νον
200 2045 376 2132 πράγματά
388 2073 445 2133 μοι
455 2051 531 2134 περί
542 2056 610 2116 τῶν
625 2045 711 2135 πρὸς
727 2056 847 2116 τοῦτον
876 2054 1076 2133 διαλλαγῶν.

125 2149 155 2211 εί
173 2143 235 2229 μὲν
257 2136 321 2210 οὖν
341 2145 518 2231 εἰργάσθαι
544 2174 576 2215 τι
596 2149 727 2216 τούτων
751 2152 807 2234 ἐφ’
832 2142 882 2228 οἷς
902 2147 1077 2220 ἀπόλωλεν

124 2240 309 2325 ἡγούμενος
328 2237 608 2327 τόνἈρίσταρχον
624 2245 679 2311 καὶ
696 2240 921 2320 πεπιστευκώς
931 2257 999 2322 τοῖς
1009 2251 1077 2310 τῶν

126 2339 366 2421 αἰτιασαμένων
385 2337 497 2422 λόγοις
514 2337 606 2406 ταῦτ’
627 2343 734 2425 ἔλεγε,
756 2348 840 2426 χρῆν
856 2336 1002 2424 μὲνούδ’
1017 2337 1078 2406 οὕ-

63 2447 115 2501 118
124 2462 202 2514 τως·
225 2445 341 2521 μετρία
353 2436 416 2520 γάρ
429 2440 503 2522 δίκη
514 2435 604 2524 παρὰ
615 2444 684 2505 τῶν
695 2443 802 2524 φίλων
813 2439 913 2522 ἐστίν,
924 2436 967 2503 άν
977 2463 1009 2504 τι
1019 2440 1077 2504 δο-
1086 2444 1138 2500 55³

122 2544 206 2603 κώσι
214 2538 427 2622 πεποιηκέναι
437 2531 559 2622 δεινὸν,
571 2536 684 2622 μηκέτι
695 2544 752 2622 τῆς
760 2543 876 2621 λοιπῆς
885 2540 996 2621 φιλίας
1004 2560 1076 2603 κοι-

122 2647 258 2718 νωνείν,
280 2629 318 2701 τὰ
336 2633 372 2701 δὲ
387 2642 602 2720 τιμωρεῖσθαι
618 2636 674 2702 καί
690 2635 851 2715 ἐπεξιέναι
866 2647 933 2712 τοίς
949 2656 1076 2701 πεπον-

120 2731 202 2800 θόσι
213 2733 268 2799 καὶ
279 2746 347 2809 τοῖς
357 2734 490 2818 ἐχθροῖς
500 2738 749 2816 παραλείπεται·
761 2731 850 2819 ὅμως
861 2728 890 2801 δ’
902 2736 984 2800 ἔστω
995 2731 1076 2800 τού-

121 2856 165 2918 τῳ
178 2855 215 2914 γε
227 2830 416 2916 συγγνώμη.
449 2835 481 2898 εἰ
496 2829 532 2898 δὲ
550 2837 661 2898 λαλῶν
677 2830 740 2916 μὲν
756 2831 810 2900 καὶ
823 2826 1013 2917 ὁμωρόφιος
1021 2855 1075 2915 γι-
1152 2855 1155 2878 ³

121 2927 282 3015 γνόμενος
300 2927 344 3009 ὡς
360 2927 461 2998 οὐδὲν
478 2932 680 3016 εἰργασμένῳ
698 2928 898 3015 φανήσεται,
921 2931 1025 3012 λέγων
1038 2931 1074 2995 δὲ

120 3028 175 3093 καί
192 3027 445 3114 καταιτιώμενος
462 3023 565 3094 ταῦθ’
584 3029 681 3095 ἕνεκα
697 3035 760 3094 τοῦ
771 3038 995 3110 συκοφαντεῖν
1006 3022 1072 3109 ἐμὲ,

119 3131 189 3203 πῶς
200 3122 242 3192 οὐ
253 3124 402 3211 δεκάκις,
417 3133 546 3212 μᾶλλον
557 3124 593 3193 δὲ
603 3126 757 3212 μυριάκις
769 3123 895 3201 δίκαιός
906 3119 973 3190 ἐστ’
987 3119 1072 3190 άπα-

58 3226 272 3304 μελπομένοις
296 3221 379 3292 α’λλά
390 3223 458 3312 μὴν
471 3220 513 3303 ὥς
525 3221 637 3310 άληθη
648 3226 748 3308 λέγω,
762 3222 818 3289 καί
827 3228 869 3307 τῇ
879 3218 940 3306 μὲν
952 3241 1071 3306 προτε-

117 3330 211 3411 ραίγ,
224 3321 278 3391 ὅτε
288 3320 380 3391 ταῦτ’
394 3329 516 3410 ἔλεγεν,
528 3322 737 3410 εἰσεληλύθει
748 3321 803 3390 καὶ
816 3323 973 3389 διείλεκτο
984 3321 1067 3387 ἐκεί·

116 3445 181 3511 νςσ,
202 3430 243 3510 ιη’
254 3419 285 3490 δ’
299 3419 457 3513 ὑστεραία
468 3421 570 3493 πάλιν
581 3430 693 3511 (τοῦτο
703 3418 784 3508 γάρ,
806 3427 905 3488 τοῦτο
917 3415 981 3488 οὐκ
992 3423 1069 3504 ἔχου
