2370 3854
95 215 220 275 ΠΡΟΣ
232 211 444 274 ΒΟΙΩΤΟΝ
456 210 568 271 ΠΕΡΙ
587 211 676 271 ΊῸΥ
691 211 961 273 ΟΝΟΜΑΤΟΣ.
983 211 1047 274 471

96 376 152 444 καὶ
168 369 314 458 ἐφαίνετ’
335 368 378 439 ἀν
394 363 471 439 οῦσ’
491 369 679 448 ἀκόλουθος
695 367 715 457 ἡ
729 369 819 456 φυλὴ
832 381 872 459 τῇ
882 377 976 440 θέσει
987 377 1047 440 τοῦ

97 470 268 557 ὀνόματος.
301 467 345 548 ὡς
354 476 470 537 τοίνυν
480 466 573 537 ταῦτ’
587 467 698 555 ἀληθῆ
708 475 791 555 λέγω
798 521 808 554 ,
821 473 951 539 τοῦτον
962 474 1049 558 μάρ-

97 596 199 656 τυρας
210 569 289 656 ὑμῖν
300 567 378 647 τοῦς
390 574 643 655 συμφοιτῶντας
653 572 708 635 καὶ
718 565 796 647 τοῦς
807 570 935 649 είδάτας
945 576 1048 654 παρέ-

116 697 132 736 ο
158 696 198 735 αι.

97 677 155 756 ξμ
450 759 702 819 ΜΑΡΤΥΡΕΣ.
1057 758 1130 835 χρρχ
1176 790 1183 803 =

52 882 85 933 ῦὸ
181 865 280 933 Οὕτω
301 874 417 934 τοίνυν
435 875 588 952 φανεροῖς
605 866 694 952 παρά
712 866 773 936 τὸν
787 876 845 955 τῆς
862 867 968 937 αὑτοῦ
985 896 1048 956 μη-

95 963 173 1052 τρὸς
188 963 293 1048 ὅρκον
309 969 365 1034 καὶ
379 964 441 1052 τὴν
457 975 520 1034 τοῦ
537 966 653 1045 δόντος
663 970 773 1056 ἐκείνη
782 967 843 1036 τὸν
852 967 957 1055 ὅρκον
968 969 1048 1057 εῦη-

96 1075 195 1132 θειαν
216 1063 341 1153 πατρὸς
362 1062 546 1150 τετυχηκώς
566 1069 620 1132 καὶ
640 1062 720 1132 ἀνθ’
734 1063 993 1148 Ἱπποθωντίδος
1011 1071 1048 1137 ἐν

94 1164 303 1250 Ἀκαμαντίδι
315 1172 406 1251 φυλῇ
415 1162 561 1250 γεγονώς
572 1162 635 1231 οῦκ
647 1163 759 1254 ἀγαπᾷ
768 1168 912 1247 Βοιωτὸς
924 1166 1048 1255 οὑτοσὶ,

96 1261 180 1331 άίίά
199 1267 253 1330 καὶ
271 1266 362 1341 δίκας
372 1263 444 1348 ἐμοὶ
455 1262 498 1328 δυ’
503 1260 510 1285 ’
522 1258 545 1348 ἢ
555 1277 641 1348 τρεῖς
655 1273 781 1349 είίηχεν
792 1262 954 1351 ἀργυρίου
965 1265 1050 1351 πρὸς

98 1359 148 1440 αἷς
159 1362 214 1429 καὶ
224 1360 388 1444 πρότερόν
397 1359 430 1447 μ’
445 1361 669 1446 ἐσυκοφάντει.
705 1369 812 1431 καίτοι
822 1365 949 1443 πάντας
960 1363 1049 1452 οἶμαι

52 1478 85 1530 26
95 1460 194 1528 τοῦθ’
207 1458 293 1546 ὑμᾶς
304 1463 441 1547 είδέναι,
460 1468 508 1541 τίς
518 1454 563 1548 ἦν
574 1463 792 1549 χρηματιστὴς
802 1459 820 1531 ὁ
832 1464 950 1549 πατήρ.
983 1463 1047 1549 ἐγώ

97 1560 128 1628 δ’
148 1559 233 1629 ἐάσω
251 1571 364 1629 ταῦτα.
395 1559 468 1630 ἀλλ’
489 1567 519 1629 εί
535 1566 646 1629 δίκαια
663 1559 873 1649 ὀμάμοκενὴ
896 1563 1003 1650 μήτηρ
1025 1561 1046 1648 ἡ

96 1661 240 1747 τούτων,
264 1659 317 1730 ἐπ’
334 1660 519 1750 αὐτοφώρῳ
531 1658 747 1746 συκοφάντην
758 1662 958 1730 ἐπιδεικνύει
968 1670 1048 1730 τοῦ-

95 1787 154 1829 τον
170 1775 241 1839 ταῖς
258 1765 362 1839 δίκαις
378 1760 519 1838 ταύταις.
554 1765 585 1827 εί
600 1759 664 1844 γάρ
683 1758 771 1826 οὕτω
790 1759 981 1847 δαπανηρὰς
1002 1753 1045 1846 ἦν

96 1860 180 1928 ὥστε
196 1860 291 1951 χάμφ
309 1856 502 1946 γεγαμηκώς
518 1858 580 1944 την
595 1857 678 1944 ἐμὴν
699 1862 822 1945 μητέρα
846 1861 961 1945 ἑτέραν
983 1857 1047 1946 εἶχε

94 1974 255 2046 γυναῖκα,
276 1952 317 2046 ἧς
334 1957 426 2044 ὑμεῖς
443 1957 529 2037 ἐστὲ,
554 1960 609 2024 καὶ
621 1955 674 2024 δυ”
689 1963 793 2036 οίκίας
805 1955 899 2046 φ’κει,
922 1965 993 2038 πῶς
1004 1953 1047 2028 ἀν

94 2056 258 2143 ἀργύριον
268 2066 415 2136 τοιοῦτος
428 2051 474 2124 οδν
485 2058 674 2135 κατέλιπενς

51 2179 85 2232 27
180 2154 252 2224 Οῦκ
263 2155 373 2240 ἀγνοῶ
385 2163 517 2240 τοίνυν,
537 2148 564 2223 ἀ
574 2154 693 2240 ἀνδρες
702 2154 887 2241 Ἀθηναῖοι,
905 2155 1047 2225 ὅτιΒοι-

95 2254 178 2333 ωτός
195 2253 308 2323 οὑτοσί
325 2260 454 2324 δίκαιον
469 2254 530 2342 μὲν
546 2253 646 2322 οὐδὲν
657 2256 720 2334 ἕξει
731 2257 856 2342 λέγειν,
867 2254 937 2342 ἥξει
950 2252 981 2322 δ’
994 2258 1046 2324 ἐπὶ

94 2352 195 2422 ταῦθ’
209 2353 294 2442 άπερ
307 2351 357 2423 ἀεὶ
368 2360 470 2439 λέγει,
483 2355 526 2433 οἱς
538 2349 740 2440 ἐπηρέαζενὸ
753 2350 860 2441 πατὴρ
872 2350 962 2444 αὐτῷ
974 2377 1047 2420 πει-

94 2452 239 2539 θόμενος
255 2448 314 2518 ὑπ’
334 2456 431 2539 ἐμοῦ,
452 2450 539 2532 άξιοῐ
554 2450 586 2520 δ’
607 2449 814 2538 αῦτὸςάςδη
825 2452 1047 2540 πρεσβύτερος

97 2546 145 2618 ἀν
160 2549 297 2638 τοῦνομ’
318 2557 404 2636 ἔχειν
420 2549 456 2619 τό
474 2558 536 2619 τοῦ
553 2548 636 2634 πρὸς
647 2551 771 2638 πατρὸς
781 2552 930 2619 πάππου.
963 2551 1046 2635 πρὸς

99 2650 138 2736 δη
150 2659 252 2718 ταῦτα
263 2649 403 2718 ἀκοῦσαι
413 2654 543 2737 βέλτιον
561 2647 648 2736 ῦμῦς
657 2651 789 2738 βραχέα.
821 2647 885 2733 ἐγώ
897 2648 961 2735 γάρ
974 2647 1047 2717 οἰδα

93 2759 231 2833 τοῦτον,
253 2749 307 2817 ὅτε
325 2748 417 2816 οῦπω
437 2749 599 2835 συγγενής
614 2741 756 2834 ἦνέμοὶ,
778 2743 869 2833 ὁρῶν
882 2745 992 2832 ὥσπερ
1005 2743 1047 2815 ἀν

94 2845 198 2915 ἀλλον
219 2849 291 2915 τινά
314 2846 450 2933 οὑτωσὶ,
472 2848 636 2930 νεώτερον
654 2845 735 2914 ὄντα
753 2849 841 2932 ἐμοῦ
853 2849 907 2914 καί
925 2855 1047 2933 συχνῷ,

94 2944 157 3013 ὅσα
170 2945 336 3033 ἐξάψεως,
361 2945 401 3015 οῦ
412 2945 478 3032 μὴν
489 2951 691 3032 ἰσχυρίζομαι
701 2945 825 3034 τούτῳ·
848 2947 903 3011 καὶ
914 2943 977 3029 γάρ
990 2942 1045 3010 εῦ-

50 3055 183 3129 98ηθες.
208 3042 279 3112 ἀλλ’
295 3053 328 3111 εί
335 3071 383 3125 τις
393 3051 497 3128 ἔροιτο
509 3045 657 3114 Βοιωτὸν
668 3046 816 3129 τουτονὶ,
829 3041 880 3111 ὅτ’
893 3040 1048 3110 ἐνἹππο-

93 3148 234 3210 θοιντίδι
252 3152 345 3232 φυλῇ
354 3140 447 3229 ἠξίου
457 3146 627 3230 χορεύειν,
650 3142 744 3213 οὔπω
755 3151 815 3212 τοῦ
829 3143 953 3229 πατρὸς
964 3144 1047 3212 εἶναι

94 3243 235 3327 φάσκων
257 3249 318 3310 τοῦ
339 3245 421 3328 ἐμοῦ
442 3241 530 3328 υίὸς,
554 3251 588 3312 τί
606 3240 732 3330 σαυτὸν
750 3249 835 3330 ἐχειν
854 3248 988 3321 δικαίως
1004 3240 1047 3310 ἀν

93 3348 188 3427 θείης
205 3341 327 3427 ὅνομα;
351 3348 381 3410 εί
389 3342 452 3428 γάρ
464 3349 678 3429 Μαντίθεον,
703 3341 765 3410 οῦκ
777 3338 819 3409 ἀν
831 3339 885 3409 διά
898 3341 997 3408 τοῦτο’
1009 3368 1047 3426 χε

94 3447 194 3525 φαίης
216 3437 267 3506 ὅτι
283 3440 506 3528 πρεσβύτερος
528 3440 556 3509 εἶ
571 3445 661 3528 ἐμοῦ.
696 3439 732 3520 ὃς
742 3440 807 3527 γάρ
820 3438 899 3508 οὐδὲ
909 3448 967 3526 τῆς
979 3466 1047 3525 φυ-
