2370 3854
168 238 209 301 36
368 242 428 301 XX.
471 237 888 299 ΔΗΜΟΣΘΕΝΟΥΣ

167 397 283 484 ἕτερόν
294 424 324 463 τι
337 394 421 465 τοῦτ’
436 391 478 463 ἀν
489 405 549 481 εἴη.
579 401 610 463 εί
619 401 733 462 τοίνυν
744 396 824 481 μήτε
838 403 1031 483 Λυσίμαχον
1041 396 1119 485 μήτ’

167 494 270 565 ἀλλον
289 500 414 583 μηδένα
435 494 540 581 μηδὲν
562 489 727 578 εὑρῆσθαι
747 491 836 577 παρά
852 502 920 560 τῶν
936 495 1120 580 προγόνων

165 591 261 680 ἡμῶν
272 593 562 681 συγχωρήσαιμεν,
574 597 609 658 τί
616 598 744 676 μᾶλλον
756 586 804 668 οἱς
814 595 932 677 ἔδομεν
947 600 1012 660 νῦν
1024 591 1120 679 ἡμεῖς

106 705 155 761 117
166 690 220 759 διά
232 701 329 760 τοῦτο
342 697 476 769 δικαίως
487 686 530 756 ἀν
541 686 774 775 ἀφαιρεθεῖεν;
795 685 836 756 οά
848 693 912 773 γάρ
930 694 965 757 oc
978 688 1022 776 μὴ
1033 692 1120 759 δόν-
1166 766 1171 773 ,

165 818 218 871 τες
235 788 256 857 ἀ
273 788 317 876 μὴ
337 795 426 857 δοκεῖ
444 789 555 856 δεινόν
574 795 658 857 εἰσιν
675 786 776 856 οὐδέν
797 792 1021 874 εἰργασμένοι,
1044 788 1117 859 ἀλλ’

166 894 199 956 οί
222 889 336 965 δόντες
353 892 433 972 μὲν,
456 886 556 954 πόλιν
575 885 608 954 δ’
621 885 763 973 ὕστερον
778 887 882 972 μηδὲν
898 891 1119 971 ἐγκαλοῦντες

164 985 415 1072 ἀφαιρούμενοι.
450 992 481 1053 εί
499 985 560 1071 μὲν
581 986 645 1070 γάρ
667 1012 715 1063 τις
734 991 798 1071 ἔχει
817 990 919 1066 δεῖξαι
940 982 1119 1067 κάκείνους

166 1077 215 1152 οἷν
232 1082 353 1151 ἕδοσάν
374 1082 420 1174 ιμ’
443 1111 474 1151 τι
494 1082 585 1151 τοῦτ’
604 1082 854 1171 ἀφῃρημένους,
878 1093 1040 1170 συγχωρῶ
1060 1088 1119 1154 καὶ

164 1181 251 1268 ὑμοῖς
273 1178 373 1248 ταύτὰ
395 1188 493 1249 τοῦτο
515 1189 665 1267 ποιῆσαι,
688 1191 794 1250 καίτοι
814 1185 915 1251 τοῦτό
931 1181 958 1268 γ’
978 1183 1118 1269 αἰσχρόν

162 1280 298 1368 ὁμοίως·
334 1287 364 1348 εί
380 1281 415 1348 δὲ
432 1278 510 1367 μηδ’
525 1276 568 1348 ἀν
591 1277 637 1358 εἷς
655 1283 691 1348 ἐν
707 1280 828 1349 ἀπαντι
839 1290 885 1372 τῷ
899 1281 1008 1371 χρόνῳ
1020 1281 1114 1350 τοῦτ’

161 1387 228 1467 ἔχοι
240 1386 342 1462 δεῖξαι
352 1379 508 1467 γεγονός,
531 1386 621 1459 τίνος
643 1378 724 1449 ἕνεκ’
738 1378 787 1466 ἐφ’
800 1378 894 1467 ἡμῶν
906 1388 1039 1464 πρῶτον
1049 1407 1115 1448 κα-

161 1483 320 1564 ταδειχθῇ
331 1486 484 1545 τοιοῦτον
495 1483 609 1561 ἔργον;

101 1588 151 1642 118
243 1574 315 1659 Χρὴ
329 1581 463 1658 τοίνυν,
487 1567 644 1658 οἶάνδρες
654 1573 838 1661 Ἀθηναῖοι,
861 1573 995 1645 κάκεῖνο
1007 1580 1113 1644 ἐνθυ-

158 1683 293 1758 μεῖσθαι
310 1675 365 1739 καὶ
382 1670 482 1756 ὁράν,
505 1669 556 1740 ότι
568 1681 633 1741 νῦν
649 1671 859 1758 ὀμωμοκότες
869 1673 952 1742 κατά
962 1673 1040 1754 τοδς
1052 1674 1113 1743 νό-

158 1796 242 1857 μους
253 1771 401 1840 δικάσειν
419 1769 531 1857 ἥκετε,
554 1769 627 1857 οὐχὶ
644 1768 723 1850 τούς
741 1776 1014 1859 Λακεδαιμονίων
1031 1770 1112 1842 οὐδὲ

159 1877 332 1956 Θηβαίων,
346 1868 421 1937 οὐδ’
433 1866 483 1948 οἷς
493 1867 567 1937 ποτ’
579 1867 756 1956 ἐχρήσανθ’
769 1875 805 1939 οί
813 1878 937 1957 πρῶτον
948 1877 1015 1938 τῶν
1027 1894 1112 1957 προ-

158 1968 286 2053 γόνων,
309 1965 392 2037 ἀλλά
410 1964 485 2035 καθ’
497 1965 557 2046 οὓς
573 1973 693 2056 ἔλαβον
705 1968 764 2048 τάς
774 1968 921 2048 ἀτελείας
937 1966 996 2048 οὓς
1007 1966 1112 2055 ἀφαι-

158 2081 261 2151 ρεῖται
279 2075 344 2134 νῦν
363 2058 461 2144 οὗτος
477 2074 524 2156 ιμ’
541 2067 649 2158 νόμῳ,
672 2070 818 2156 καὶπερὶ
837 2061 885 2137 ὦν
897 2065 941 2136 ἀν
957 2070 1054 2155 νόμοι
1065 2067 1109 2155 μὴ

158 2159 235 2253 ἀοι,
248 2166 365 2254 γνωμη
374 2173 415 2253 τῇ
424 2165 613 2256 δικαιοτάτη
624 2181 760 2253 κρινεῖν.
792 2175 909 2246 καλῶς.
943 2167 980 2234 τό
994 2173 1110 2235 τοίνυν
1119 2186 1173 2245 493

98 2273 212 2353 Ηθτης
230 2265 363 2353 γνόμης
380 2263 464 2351 πρός
481 2264 597 2335 ἅπαντ’
616 2264 814 2352 ἀνενέγκατε
829 2264 890 2334 τόν
909 2263 1024 2351 νόμον.
1056 2258 1108 2349 ἀρ’

156 2359 221 2432 οὖν
232 2369 377 2449 δίκαιον,
398 2357 424 2432 ἀ
441 2365 561 2453 ἀνδρες
570 2364 759 2455 Ἀθηναῖοι,
784 2365 863 2444 τοάς
875 2360 1047 2449 εὐεργέτας
1058 2389 1109 2430 τι-

155 2470 238 2545 μάν;
266 2467 404 2529 δίκαιον.
437 2469 471 2528 τί
490 2461 543 2541 δ’;
573 2462 627 2529 όσ’
651 2461 694 2529 ἀν
715 2467 764 2551 δῷ
782 2489 832 2538 τις
853 2462 956 2541 ἅπαξ,
978 2466 1109 2530 δίκαιον

156 2563 241 2643 ἔχειν
252 2563 325 2638 ἐοῖν;
345 2565 482 2628 δίκαιον.
521 2567 624 2626 ταῦτα
634 2566 751 2626 τοίνυν
763 2556 862 2624 αὐτοί
868 2581 904 2623 τε
915 2570 1045 2638 ποιεῖτε,
1064 2559 1105 2623 ἵν’

157 2655 326 2745 εὐορκῆτε,
344 2661 400 2727 καὶ
411 2657 490 2738 τούς
500 2658 689 2745 προγόνους
704 2654 877 2741 ὀργίζεσθε
888 2650 931 2724 ἀν
941 2652 988 2742 μη’
999 2681 1047 2734 τις
1058 2665 1107 2747 φῇ

155 2770 278 2837 ποιεῖν,
302 2757 358 2824 καὶ
375 2754 454 2835 τοὺς
470 2754 510 2823 τά
528 2765 663 2824 τοιαῦτα
681 2759 837 2839 λέγοντας
848 2760 1106 2844 παραδείγματα,

155 2850 200 2929 ως
222 2850 271 2937 ἀρ’
286 2857 405 2922 ἐκεῖνοι
424 2855 551 2941 μεγάλα
574 2847 613 2922 εὖ
628 2855 796 2934 παθόντες
814 2853 922 2924 οὐδέν’
939 2859 1106 2943 ἐτίμησαν,

155 2956 208 3020 καὶ
225 2951 394 3040 πονηροὺς
413 2955 468 3022 καὶ
484 2951 704 3033 ἀπαιδεύτους
722 2951 849 3042 ἡγεῖσθ’
874 2953 977 3041 εἶναι,
1001 2979 1106 3043 πονη-

155 3051 235 3135 ροδς
257 3057 319 3139 μὲν
340 3052 424 3120 διότι
444 3053 709 3135 καταψεύδονται
727 3061 796 3122 τόν
814 3055 992 3139 προγόνων
1011 3054 1106 3141 ὑμῶν
1145 3101 1148 3107 -

156 3148 200 3228 ἀς
211 3151 406 3238 ἀχαρίστων,
419 3149 559 3240 ἀμαθεῖς
569 3152 605 3221 δὲ
617 3153 701 3222 διότι
712 3157 820 3223 ἐκεῖνο
831 3153 1031 3240 ἀγνοοῦσιν,
1054 3152 1106 3219 ότι

155 3253 185 3314 εί
193 3247 232 3315 τά
244 3252 385 3335 μάλιστα
395 3250 492 3321 ταῦθ’
505 3252 611 3331 οὕτως
628 3252 729 3339 εἶχεν,
752 3252 930 3340 ἀρνεῖσθαι
946 3245 1106 3339 μάλλονῆ

154 3349 262 3431 λέγειν
274 3347 386 3430 αὐτοῖς
397 3361 574 3439 προσῆκεν.

95 3461 146 3515 Ιῖο
259 3445 498 3534 Οἶμαιτοίνυν
518 3453 574 3519 καὶ
595 3458 717 3520 τοῦτον
737 3454 798 3520 τόν
820 3451 921 3537 λόγον
939 3453 1104 3532 Λεπτίνην
