2370 3854
272 212 416 273 ΚΑΤΑ
437 212 896 275 ΑΡΙΣΤΟΚΡΑΤΟΤΣ.
993 213 1052 276 171

106 373 233 458 χύντων
243 370 415 439 τοσούτων
425 368 540 457 νόμων
550 370 677 449 πάντας
687 368 834 460 ὑπερβάς
845 372 984 452 τούτους
996 375 1053 456 γί-

105 495 213 555 γραφε
224 470 280 537 καὶ
290 472 499 536 κατέκλεισεν
510 472 597 537 δδιον
608 476 743 555 πρᾶγμα
754 477 954 558 ψηφίσματι,
972 479 1053 540 τού-

104 594 166 636 του
175 575 208 634 τί
215 593 264 646 τις
275 565 359 634 ἀλλο
369 580 476 634 ποιεῖν
487 567 588 652 φήσει
602 563 692 653 πλὴν
702 567 857 654 ψήφισμα
872 569 980 655 νόμον
990 595 1053 636 κυ-

107 665 266 750 ριύτερου
276 661 393 743 ἀξιοῦν
403 661 503 742 sivan

64 803 100 856 88
190 779 361 864 Βούλομαι
375 786 491 847 τοίνυν
509 775 591 865 ύμῖν
611 782 666 846 καὶ
687 781 726 846 ἓν
740 774 764 864 ἦ
780 777 842 846 δύο
860 785 1053 863 ψηφίσματα
1062 791 1115 846 650

107 882 209 956 δεῖξαι
217 883 285 942 ταῖν
293 879 530 961 γεγραμμένων
538 872 1056 962 τοίςάςάληθάςεύεργέταιςτῆς

106 973 243 1056 πόλεως,
254 968 294 1040 ἵν’
308 977 415 1059 εἰδῆτε
432 971 484 1039 ὅτι
501 973 620 1062 ῥᾴδιόν
639 979 704 1041 ἐστι
718 973 864 1060 γράφειν
879 973 921 1040 τά
933 979 1053 1056 δίκαια,

107 1070 189 1138 ὅταν
200 1066 307 1137 αὐτοῦ
315 1096 365 1148 τις
375 1071 474 1138 ἕνεκα
484 1072 607 1138 τούτου
617 1072 747 1158 γράφη,
763 1080 826 1141 τοῦ
834 1079 972 1158 τιμῆσαί
979 1098 1053 1140 τινα

106 1171 161 1236 καὶ
183 1173 384 1254 μεταδοῦναι
403 1178 472 1236 των
491 1167 571 1255 ἡμῖν
591 1167 825 1259 ὑπαρχόντων,
855 1174 910 1239 καλ
932 1169 977 1258 μη
999 1169 1052 1239 διά

106 1275 168 1334 τοῦ
190 1275 294 1334 ταῦτα
320 1270 431 1333 δοκεῖν
459 1280 566 1334 ποιεῖν
593 1267 753 1353 βούληται
778 1283 978 1354 κακουργεῖν
998 1271 1054 1336 καλ

108 1365 395 1448 παρακρούεσθαι.
427 1366 502 1448 λε’γε
518 1364 558 1430 τά
571 1370 767 1450 ψηφίσματα
782 1373 885 1432 ταυτί.
917 1363 1053 1433 ἀλλ’ἵνα

108 1461 152 1546 μὴ
165 1459 295 1546 μακρὸν
306 1458 443 1529 ἀκούειν
453 1458 534 1547 ὑμῖν
544 1454 583 1550 ᾖ,
600 1465 634 1542 ἐξ
650 1462 794 1531 ἑκάστου
803 1471 870 1530 τῶν
881 1461 1054 1550 ψηφισμά-

108 1583 176 1624 των
187 1556 267 1625 αύτὸ
280 1564 378 1625 τοῦτο
396 1559 580 1643 ἐξείλεκται,
598 1561 674 1644 περὶ
684 1554 728 1627 οὗ
736 1559 859 1628 τούτου
870 1568 1052 1646 κατηγοροῖ.

107 1658 189 1742 λέγε.

412 1775 414 1779 ’
435 1764 727 1855 mmmm

64 1943 99 1997 89
188 1912 300 1999 Ὁράθ’
312 1912 364 1982 ὅτι
375 1913 511 2002 πάντες,
536 1908 701 2000 άάυδρες
713 1912 901 2000 Ἀθηναῖοι,
922 1912 983 1983 τὸν
991 1911 1055 1983 αύ-

106 2009 166 2079 τὸν
176 2011 303 2096 τρόπον
312 2012 530 2098 γεγράφασιν.
563 2018 664 2098 ἔστω,
683 2015 801 2099 φησὶν,
814 2011 898 2098 ὑπὲρ
910 2011 1016 2081 αὐτοῦ
1032 2010 1053 2099 ἡ

106 2108 189 2196 αύτὴ
207 2118 347 2197 τιμωρία
367 2110 522 2194 καθάπερ
539 2107 583 2178 ἀν
598 2110 658 2179 τόν
671 2109 849 2196 Ἀθηναῖον
865 2109 1053 2197 ἀποκτείνῃ,
1148 2119 1152 2125 ’

106 2215 243 2292 κυρίους
252 2208 439 2293 μὲνέάντες
448 2207 608 2292 τούςπερὶ
618 2209 747 2275 τούτων
758 2206 965 2292 ὑπάρχοντας
975 2204 1054 2292 ὑμῖν

107 2306 243 2390 νόμους,
267 2303 410 2388 σεμνούς
430 2305 461 2372 δ’
484 2303 737 2389 ἀποφαίνοντες,
760 2308 794 2371 οἵ
809 2330 848 2389 γε
870 2308 907 2371 ἐν
930 2308 1055 2387 δωρεάς

108 2402 304 2488 ἐποιήσαντο
326 2402 416 2481 τάξει
436 2400 473 2468 τδ
496 2400 626 2471 τούτων
646 2406 856 2487 μεταδοῦναι.
899 2397 968 2468 ἀλλ’
992 2398 1054 2467 ούκ

103 2498 368 2586 Ἀριστοκράτης,
386 2497 471 2568 ἀλλά
489 2506 722 2586 προπηλακίζει
732 2503 794 2588 μὲν
804 2497 880 2569 καθ’
892 2497 975 2568 ὅσον
992 2499 1056 2566 δύ-

107 2627 203 2667 ναται
213 2600 353 2678 τούτους
364 2597 425 2687 (ύς
434 2605 520 2686 γοῦν
530 2597 668 2679 ούδενδς
685 2599 794 2670 ὄντων
811 2597 911 2679 ἀξίων
926 2596 1015 2666 ἴδιόν
1025 2623 1057 2664 τι

106 2701 250 2785 γράφειν
267 2703 485 2787 ἐπεχείρησε),
508 2697 630 2785 μικράν
652 2696 683 2765 δ’
702 2696 882 2784 ἀποφαίνει
898 2693 1055 2781 κάκείνην

107 2796 169 2884 τὴν
180 2797 321 2885 δωρεάν,
339 2791 363 2887 ᾖ
372 2799 434 2885 τὴν
445 2803 614 2867 πολιτείαν
629 2799 795 2867 δεδοίκατε
805 2804 853 2887 τῷ
862 2793 1052 2883 Χαριδήμῳ.

107 2893 229 2981 δςγάρ,
248 2895 292 2976 ὡς
303 2896 511 2982 ἀγαπύντωυ
528 2894 802 2984 τοῦθ’ύμάνκαλ
813 2893 1056 2980 προσοφειλόν-

106 3019 174 3060 των
190 2992 288 3080 χάριν
307 2992 416 3084 αύτςδ,
437 2996 583 3081 γέγραφε
601 2996 656 3063 καί
674 2991 757 3079 πρὸς
775 2993 955 3081 φυλάττειν
969 2987 1055 3074 ὑμᾶς

107 3096 251 3175 ἐκεῖνον,
274 3089 364 3171 ὅπως
380 3090 486 3172 ἀδεεῖς
502 3091 523 3159 δ
539 3119 571 3160 τι
590 3089 634 3160 ἀν
643 3092 804 3179 βούληται
812 3097 908 3177 ποιῇ,
932 3085 1054 3166 πῶςού

105 3185 324 3274 τοῦθ’δλέγω
335 3190 581 3275 διαπράττεται;

63 3320 99 3374 90
190 3303 263 3373 Ούκ
275 3302 387 3390 ἀγνοοῖ
403 3311 535 3392 τοίνυν,
558 3297 586 3372 ά
602 3303 721 3391 ἀνδρες
734 3298 921 3388 Ἀθηναῖοι,
942 3298 993 3371 ὅτι
1011 3298 1054 3380 ὡς

106 3403 166 3490 μὲν
178 3400 219 3472 ού
231 3402 320 3487 παρά
339 3400 419 3484 τούς
436 3404 561 3492 νόμους
578 3409 731 3490 φανερῶς
741 3403 887 3487 γέγραφε
897 3398 934 3469 τὸ
947 3399 1054 3487 φηφιρ
