2370 3854
156 212 248 309 450·
334 217 466 273 xxxvu.
503 213 925 279 ΔΗΜΟΣΘΕΝΟΤΣ

156 375 275 463 ληφότι
284 380 446 461 γλίσχρως
456 376 511 442 καί
522 374 616 460 μόλις
627 375 714 459 παρὰ
727 376 869 460 τούτου,
887 375 949 444 οάκ
961 373 1045 446 εἶναι
1057 383 1110 448 δί-

157 503 220 562 κην
230 470 429 562 μεταλλικὴν
440 477 702 559 προσφευκτέον,
715 471 790 542 οὐδ’
805 475 913 561 ἐγγύς.

112 601 147 655 39
234 572 290 652 Ὡς
300 573 363 660 μὲν
374 565 438 640 οὖν
449 570 517 641 οὔτ’
528 571 670 659 ἠδίκηκα
682 579 806 641 τοῦτον
824 571 926 642 οὐδὲν
937 572 1004 642 οὔτ’
1016 580 1110 643 εἰσα-

155 675 298 760 γώγιμος
309 678 345 740 ἐκ
356 679 425 741 τών
434 671 551 758 νόμων
562 668 682 759 έστίνὴ
701 677 793 759 δίκη,
811 671 900 742 ταῦτ’
914 672 956 741 ἀν
967 701 1015 753 τις
1026 695 1109 742 σκο-

155 783 229 842 πῶν
246 775 368 862 ῥᾳδίως
383 779 488 858 γνοίη.
523 769 625 841 οὐδέν
642 779 759 839 τοίνυν
776 777 906 841 δίκαιον
921 778 1005 859 ἔχων
1026 770 1106 843 οὐδὲ

154 870 228 940 καθ’
243 875 281 940 ἓν
299 874 407 957 λέγειν
425 866 509 956 ὑπὲρ
528 863 578 938 οὖν
594 872 739 955 ἐγκαλεῖ,
762 869 846 940 ἀλλά
864 876 1038 958 καὶψευδῆ
1049 898 1106 958 γε-
1117 888 1169 944 978

153 971 292 1059 γραφώς
309 975 356 1048 είς
372 967 410 1036 τὸ
428 975 573 1054 ἔγκλημα
590 972 645 1036 καὶ
661 971 737 1056 περὶ
749 963 798 1039 ών
815 969 923 1059 ἀφῆκε
935 971 1107 1058 δικαζόμε-

153 1097 220 1154 νος,
233 1078 295 1138 τοῦ
305 1068 499 1147 ἐξελθόντος
509 1064 630 1155 μηνὸς,
651 1062 808 1155 ώάνδρες
816 1068 988 1156 Ἀθηναῖοι
993 1121 1003 1156 ,
1021 1074 1106 1138 ἐπει-

153 1167 192 1256 δὴ
212 1173 351 1254 ἔμελλον
368 1170 503 1235 εἰσιέναι
519 1165 582 1255 τὴν
595 1171 708 1254 δίκην,
729 1166 793 1255 ἤδη
805 1177 872 1236 τών
885 1173 1107 1255 δικαστηρίων

152 1269 484 1353 ἐπικεκληρωμένων,
508 1265 709 1354 προσελθών
729 1271 785 1336 καί
806 1268 1004 1357 περιστήσας
1025 1269 1106 1349 τούς

151 1363 223 1454 μεθ’
237 1367 377 1450 ἑαυτοῦ,
398 1363 434 1434 τὸ
448 1366 668 1453 ἐργαστήριον
679 1373 749 1434 τών
765 1368 998 1453 συνεστώτων,
1017 1375 1105 1455 πρά-

109 1494 219 1554 χηγμα
242 1479 330 1535 ποιεί
349 1465 545 1534 πάνδεινον·
578 1463 822 1551 ἀναγιγνώσκει
842 1494 899 1553 μοι
919 1467 1106 1553 πρόκλησιν

153 1562 302 1651 μακριὶν,
324 1561 441 1649 ἀξιῶν,
467 1561 509 1632 ὅν
527 1583 631 1650 φησιν
643 1568 773 1652 οἰκέτην
789 1573 892 1634 ταῦτα
904 1569 1104 1651 συνειδέναι,

152 1669 400 1752 βασανίζεσθαι,
412 1657 478 1729 κάν
487 1662 548 1749 μέν
558 1655 582 1751 ᾗ
592 1661 687 1731 ταῦτ’
702 1663 814 1751 ἀληθῆ
819 1716 828 1750 ,
845 1663 909 1753 τὴν
919 1670 1016 1753 δίκην
1033 1664 1105 1734 ἀτί-

151 1789 257 1851 μητον
279 1760 398 1848 ὀφλεῖν
418 1759 524 1853 αὐτῷ,
545 1759 605 1830 έάν
622 1765 658 1829 δὲ
674 1766 784 1851 ψευδῆ
790 1814 799 1848 ,
821 1761 883 1833 τάν
899 1764 1105 1850 βασανιστὴν

151 1863 347 1946 Μνησικλέα
368 1860 580 1946 έπιγνώμονα
601 1859 685 1929 εἶναι
704 1870 763 1948 τῆς
782 1870 877 1949 τιμῆς
894 1871 956 1930 τοῦ
976 1862 1101 1943 παιδός.

152 1959 265 2047 λαβών
276 1957 306 2026 δ’
321 1955 482 2044 ἐγγυητὰς
492 1957 622 2027 τούτων
633 1958 819 2047 παρ’ἐμοῦ,
842 1963 897 2028 καί
913 1967 1104 2050 σημηναμέ-

108 2077 140 2129 41
152 2084 216 2127 νου
227 2055 290 2145 τὴν
300 2057 485 2144 πρόκλησιν
496 2060 594 2144 ἐμοῦ,
613 2055 675 2145 οὐχ
686 2056 731 2138 ώς
741 2063 871 2129 δίκαιον
882 2061 936 2130 ἀν·
960 2070 1027 2130 ποῦ
1037 2063 1103 2148 γάρ

153 2163 220 2226 έστι
232 2163 362 2226 δίκαιον
373 2158 410 2225 έν
427 2161 559 2226 οἰκέτου
571 2157 697 2244 σώματι
714 2161 768 2227 καί
780 2168 869 2249 ψυχῇ
880 2157 903 2248 ἦ
914 2161 976 2230 δύο
989 2159 1104 2248 ὤφλη-

152 2262 244 2326 κέναι
262 2258 406 2325 τάλαντα
422 2252 445 2343 ἢ
463 2257 568 2343 μηδὲν
588 2258 650 2327 τὸν
668 2269 945 2346 συκοφαντοῦντα
968 2268 1104 2348 ζημιοῦ-

152 2367 251 2436 σθαι;
274 2353 341 2423 ἀλλ’
355 2353 418 2442 ἐγώ
438 2363 551 2446 πολλῷ
567 2365 616 2448 τῷ
634 2362 750 2450 δικαίῳ
766 2374 927 2444 περιεῖναι
937 2359 1103 2446 βουλόμε-

151 2483 209 2534 νος
220 2455 443 2541 συνεχώρουν.
472 2458 526 2523 καί
542 2455 623 2542 μετὰ
633 2465 737 2525 ταῦτα
748 2467 979 2542 προσκαλεῖται
990 2461 1052 2543 μέν
1062 2483 1103 2543 με

151 2553 211 2642 τὴν
223 2559 321 2641 δίκην
332 2554 444 2641 πάλιυ,
462 2554 572 2642 ἐπειδὴ
585 2564 713 2625 θᾶττον
724 2553 869 2624 ἀνείλετο
880 2552 938 2631 τάς
948 2578 1102 2638 παρακα-

149 2653 307 2741 ταβολάς
331 2651 438 2732 οὕτως
454 2652 560 2733 εὐθὺς
575 2647 620 2740 ἦν
637 2659 736 2742 δῆλος
753 2651 827 2722 οὐδ’
841 2648 890 2729 οἷς
908 2648 1009 2728 αὐτὸς
1020 2648 1100 2734 ώρί-

104 2778 138 2831 4η
149 2773 228 2819 σατο
240 2757 392 2839 ἐμμένων
403 2756 550 2831 δικαίοις.
574 2751 685 2838 ἐπειδὴ
698 2750 729 2819 0’
738 2749 863 2837 ἥκομεν
875 2746 956 2834 πρὸς
967 2746 1026 2817 τὸν
1037 2756 1102 2836 βα-

148 2848 326 2936 σανιστὴν,
347 2848 421 2918 ἀντὶ
438 2857 500 2917 τοῦ
517 2847 579 2935 τὴν
596 2850 780 2936 πρόκλησιν
796 2846 928 2929 ἀνοίξας
944 2850 1047 2928 δείξαι
1060 2847 1101 2917 τά

146 2953 357 3038 γεγραμμένα
374 2952 430 3017 καί
445 2945 528 3018 κατά
546 2955 651 3016 ταῦτα
666 2948 823 3035 πράττειν
840 2946 860 3016 ὅ
875 2974 908 3015 τι
925 2947 1019 3027 δόξαι
1031 2948 1100 3032 (ἀιά

145 3049 210 3138 γάρ
226 3041 452 3139 τὸνθόρυβον
472 3047 532 3119 τὸν
552 3048 626 3118 τότε
647 3049 702 3117 καὶ
722 3047 759 3116 τὸ
776 3051 908 3135 μέλλειν
924 3055 1101 3116 καλεῖσθαι

146 3150 208 3238 την
220 3155 318 3238 δίκην
327 3158 481 3219 τοιοῦτον
491 3141 549 3236 ἦν·
573 3151 807 3235 προκαλοῦμαί
822 3166 858 3214 σε
869 3151 967 3213 ταυτί
972 3172 980 3188 ·
1004 3148 1099 3232 δέχο-

146 3276 218 3334 μαι·
243 3253 324 3338 φέρε
345 3247 385 3337 δὴ
407 3245 466 3318 τάν
478 3249 671 3319 δακτύλιον·
694 3249 790 3334 λαβέ·
812 3253 861 3325 τίς
875 3244 1099 3332 ἀ’έγγνητη’ς;

147 3344 274 3417 οὑτοσί·
297 3345 399 3418 οὐδὲν
409 3344 475 3416 οὔτ’
488 3344 697 3435 ἀντίγραφον
707 3344 773 3418 οὔτ’
788 3345 869 3414 ἀλλο
887 3343 988 3414 οὐδὲν
1005 3347 1099 3414 ἐποι-

146 3445 278 3532 ησάμην
289 3456 454 3532 τοιοῦτον)
472 3444 545 3517 ἀντὶ
557 3450 594 3517 δέ
609 3456 671 3517 τοῦ
685 3444 781 3518 ταῦθ’
795 3445 902 3526 οὕτως
919 3444 1030 3534 ὥσπερ
1042 3449 1099 3514 λέ-
