2370 3854
192 213 256 277 124
389 214 474 274 xxss.
516 208 936 270 ΔΗΜΟΣΘΕΝΟΤΣ

191 371 354 461 ὁμολογοῖ.
376 377 495 440 δοῦναι
506 370 542 438 δὲ
554 367 717 455 οὐδαμοῦ,
726 370 817 455 φησί,
825 368 948 440 κωλύει
957 395 1018 439 του
1030 375 1149 460 δῆμον.

191 473 255 558 ἐμοὶ
267 470 307 559 δὴ
322 479 353 541 εἰ
361 472 423 559 μὲν
434 465 526 540 ἔδωκ’
540 468 695 557 αἰτούσῃ,
719 466 808 552 παρά
818 467 880 538 τὸν
897 469 1005 557 νόμον
1017 481 1151 559 εἴρηκα·

191 577 222 639 εἰ
232 572 268 640 δέ
284 570 328 658 μὴ
347 576 526 656 πεποίημαι
541 575 660 657 μνείαν
680 569 756 653 περὶ
773 577 841 635 τῶν
858 578 947 637 νεῦυ
962 573 1000 638 ἐν
1016 569 1086 662 ὅλῳ
1104 580 1151 661 τῷ

190 679 390 759 ψηφίσματι,
407 667 476 737 ἀλλ’
489 665 566 752 ἕτερ’
582 666 662 735 ἀττα
673 670 759 752 λέγω
773 664 812 735 δι’
825 664 848 734 ἀ
859 666 921 754 την
930 666 1063 756 βουλὴν
1072 688 1152 739 στε-

162 799 179 853 9
191 777 298 857 φανῦ,
311 776 381 847 πῶς
391 766 482 853 παρά
492 765 553 834 τδν
562 766 670 852 νόμον
681 774 811 851 εἴρηκας
829 771 898 834 ἔστι
910 764 950 854 δὴ
962 768 1047 855 πρὸς
1057 765 1148 838 ταῦτ’
1161 821 1165 837 ,
1178 804 1179 819 ¹

191 869 233 938 οὐ
243 869 388 957 χαλεπὸν
398 867 439 935 τά
452 872 561 935 δίκαια
571 864 653 950 ῦμῖυ
668 864 852 949 ἀντειπεῖν,
874 863 926 934 ὅτι
940 873 1076 951 πρῶτον
1084 872 1148 955 μευ

191 973 226 1036 οἰ
234 966 492 1054 προεδρεύοντες
507 973 565 1052 της
583 972 707 1050 βουλῆς
724 967 779 1032 καί
795 961 813 1032 ὁ
831 961 926 1031 ταῦτ’
941 968 1149 1053 ἐπιψηφίζων

191 1064 362 1152 ἐπιστάτης
378 1062 519 1151 ἠρώτων
536 1065 590 1131 καὶ
609 1067 868 1149 διαχειροτονίαν
885 1065 1056 1152 ἐδίδοσαν,
1079 1063 1147 1157 ὅτφ

191 1168 286 1232 δοκεῖ
304 1170 430 1248 δωρεάς
452 1161 549 1243 ἀξίως
564 1159 585 1249 ἡ
601 1159 706 1250 βουλὴ
724 1164 982 1249 βεβουλευκέναι
1000 1166 1057 1231 καὶ
1079 1162 1147 1255 ἀτη)

189 1262 235 1349 μή
243 1288 250 1301 ·
273 1269 380 1332 καίτοι
396 1263 475 1342 τοῦς
492 1288 531 1348 χε
548 1259 592 1348 μὴ
605 1267 779 1340 αἰτοῦντας
788 1261 870 1348 μηδὲ
881 1268 996 1349 λαβεῖν
1008 1259 1148 1343 ἀξιοῦν·

147 1378 182 1432 10
189 1388 247 1441 τας
257 1360 319 1448 τὴν
330 1359 438 1449 ἀρχὴν
449 1356 525 1430 οὐδ’
538 1365 707 1444 ἐπερωτᾶν
718 1367 895 1446 προσῆκεν.
928 1358 1011 1445 πρὸς
1027 1366 1147 1431 τοίνυν

188 1461 320 1540 τούτοις
331 1458 604 1530 ἔστιυάΜειδίου
615 1465 880 1545 κατηγοροῦντος
888 1466 947 1545 τῆς
957 1462 1147 1546 βουλῆςκαί

190 1558 301 1625 ἀλλων
318 1566 436 1643 τινων,
458 1555 692 1642 ἀναπηδῶντες
709 1562 743 1624 οἰ
757 1559 934 1644 βουλευταὶ
952 1559 1084 1626 ἐδέοντο
1100 1560 1146 1646 μη

190 1665 277 1742 σφοῖς
289 1653 474 1742 ἀφελέσθαι
483 1654 546 1741 την
560 1655 699 1739 δωρεάν.
733 1660 788 1723 καὶ
804 1662 909 1724 ταῦτα
920 1654 962 1724 οὐ
973 1656 1049 1742 παρ’
1061 1661 1147 1746 ἐμοῦ

190 1759 241 1823 δεῖ
249 1759 423 1823 πυθέσθαι
433 1752 512 1833 τοὺς
523 1756 715 1836 δικάζοντας
725 1751 820 1841 ὑμᾶς,
831 1754 899 1824 ἀλλ’
912 1754 1007 1827 αὐτοὶ
1016 1757 1145 1843 παρόν.

189 1880 241 1932 τες
253 1863 320 1921 ἰστε
332 1857 369 1922 ἐν
378 1860 424 1944 τῷ
444 1854 537 1943 δήμςο
550 1853 723 1941 χενόμευα.
759 1850 841 1921 ὥσθ’
854 1853 937 1923 ὅταν
953 1858 1015 1943 μδν
1030 1855 1077 1945 μὴ
1095 1866 1146 1947 φῇ

188 1949 251 2036 τὴν
267 1950 396 2038 βουλὴν
413 1958 526 2038 αἰτεῖν,
546 1951 644 2021 ταῦθ’
656 1949 924 2041 ὑπολαμβάνετε·
947 1953 999 2022 ὅτι
1010 1958 1046 2024 δὲ
1063 1955 1144 2027 οῦδὲ

187 2048 248 2117 τὸν
266 2055 373 2136 δῆμον
390 2053 430 2133 ἐά
448 2052 578 2120 διδόναι
593 2049 637 2138 μὴ
656 2053 860 2140 ποιησαμένη
876 2053 935 2130 τάς
952 2061 1035 2133 ναῦς
1050 2050 1144 2123 ὁυό-

145 2174 176 2226 11
187 2175 258 2236 μος,
270 2151 325 2218 καί
335 2147 421 2219 τοῦτ’
434 2153 593 2231 ε’πιδείξω.
612 2149 666 2219 διά
678 2160 781 2219 ταῦτα
792 2151 866 2238 γάρ,
875 2145 903 2221 ἀ
913 2151 1032 2239 ἀνδρες
1038 2151 1144 2241 Ἀθη-

188 2265 291 2336 ναῖοι,
313 2258 434 2320 τοῦτον
453 2258 518 2339 ἔχει
534 2249 595 2320 τάν
611 2251 736 2336 τρόπον
747 2249 765 2318 δ
777 2252 894 2338 νόμος,
918 2252 1145 2343 μὴέξεῖναιτῇ

187 2356 296 2438 βουλῇ
311 2349 356 2437 μὴ
374 2353 580 2441 ποιησαμένη
593 2349 651 2431 τάς
666 2351 810 2438 τριήρεις
821 2358 952 2437 αἰτῆσαι
961 2349 1024 2438 τὴν
1035 2355 1143 2438 δωρε-

187 2449 241 2530 ἀν,
253 2452 309 2514 ἵνα
319 2449 401 2533 μηδὲ
411 2460 592 2536 πεισθῆναι
608 2449 686 2536 μηδ’
698 2454 943 2537 ἐξαπατηθῆναι
957 2449 1075 2537 γένοιτ’
1089 2454 1143 2521 ἐπὶ

187 2553 235 2632 τῷ
246 2546 348 2633 δήμω.
372 2545 414 2614 οῦ
425 2547 490 2632 χάρ
509 2549 589 2637 ᾤετο
603 2554 672 2616 δεῖν
690 2545 825 2627 ὁτιθείς
835 2548 895 2617 τὸν
913 2550 1020 2637 νόμον
1030 2553 1083 2619 ἐπὶ
1098 2557 1142 2639 τῇ

186 2650 255 2712 τῶν
266 2644 435 2730 λεγόντων
446 2647 588 2732 δυνάμει
598 2643 635 2714 τὸ
648 2657 783 2734 πράημα
799 2659 1017 2736 καταστῆσαι,
1037 2646 1107 2719 ἀλλ’
1121 2648 1142 2718 δ

187 2750 317 2812 δίκαιον
334 2738 378 2833 ἦν
396 2744 508 2831 εὑρεῖν
519 2744 586 2832 ἅμα
598 2750 654 2814 καὶ
672 2751 845 2834 συμφέρον
855 2756 903 2838 τῷ
914 2748 1023 2839 δήμω,
1045 2748 1140 2837 νόμω

186 2842 351 2926 τετάχθαι.
379 2841 438 2921 τάς
447 2843 590 2930 τριήρεις
602 2842 644 2912 οά
655 2853 844 2933 πεποίησαι;
867 2846 911 2934 μὴ
929 2855 1046 2917 τοίνυν
1057 2857 1143 2917 αἴτει

184 2939 247 3028 την
258 2942 397 3025 δωρεάν.
424 2942 511 3011 ὅπου
523 2941 555 3011 δ’
568 2951 670 3014 αἰτεῖν
682 2942 743 3014 οῦκ
755 2949 804 3036 ἐᾷ,
817 2954 886 3025 πῦς
898 2944 939 3014 οῦ
958 2947 1092 3033 σφόδρα
1102 2973 1143 3033 χε

185 3044 305 3109 δοῦναι
316 3041 453 3123 κωλύεις

142 3158 175 3210 12
260 3139 371 3219 ’Ἀξιου
382 3147 515 3225 τοίνυν,
537 3135 565 3211 ά
581 3142 701 3227 ἀνδρες
714 3141 901 3231 Ἀθηναῖοι,
924 3142 1058 3213 κάκεῖνο
1070 3147 1142 3226 ἐξε-

184 3238 292 3324 τάσαι,
304 3244 340 3306 τί
348 3239 480 3327 δήποτε,
493 3237 537 3311 ἀν
548 3241 652 3312 τάλλα
663 3242 804 3332 πάνταὴ
815 3243 921 3333 βουλὴ
935 3253 1045 3324 καλῦς
1054 3253 1142 3332 βου-

186 3335 289 3424 λεύση
299 3339 353 3407 καί
368 3344 481 3427 μηδεὶς
492 3347 547 3430 ἔχη
558 3341 662 3429 μηδὲν
673 3346 860 3429 ἐγκαλέσαι,
877 3341 936 3423 τάς
949 3345 984 3412 δὲ
994 3344 1142 3432 τριήρεις

186 3435 230 3522 μη
244 3435 429 3528 ποιήσηται,
441 3439 503 3527 τὴν
514 3440 646 3528 δωρεάν
657 3439 719 3510 οῦκ
730 3446 853 3523 ἔξεστιν
864 3448 1002 3530 αἰτῆσαι.
1035 3440 1140 3531 εὑρη-
