2370 3854
279 196 418 258 ΠΡΟΣ
434 196 837 261 ΠΑΝΤΑΙΝΕΤΟΝ.
969 197 1032 261 441

84 361 122 427 ἐκ
132 365 189 444 τῆς
199 359 411 446 μισθώσεως,
422 356 494 426 τοτὲ
506 354 536 424 δ’
552 353 656 426 αὐτόν
667 368 774 427 αἴτιον
786 361 891 450 ἑαυτῷ
901 359 984 448 πρὸς
994 360 1031 429 τό

85 456 248 542 δημόσιον
257 462 416 543 γενέσθαι
426 462 485 541 τῆς
497 457 681 541 ἐγγραφῆς,
699 460 773 524 τοτὲ
791 455 822 525 δ’
834 453 903 525 ἀλλ’
918 455 978 525 ότι
988 454 1032 525 ἀν

57 568 75 625 λ
83 554 254 643 βούληται.
277 557 400 632 ἐκεῖνος
412 552 444 620 δ’
455 549 568 632 ἁπλοῖς
578 552 656 621 οὔτε
666 553 744 634 τούς
754 555 873 635 τόκους
882 555 1033 643 ἀπολαμ-

82 653 199 741 βαίνων
216 651 295 720 ούτε
310 659 379 719 τόν
397 650 508 719 ἀλλων
525 659 594 719 τῶν
614 655 652 719 ἐν
667 668 737 732 ταῖς
753 653 940 741 συνθήκαις
956 680 1032 722 ποι-

82 758 202 830 οῦντος
212 749 313 821 οὐδὲν
328 751 460 835 τούτου,
470 749 593 835 ἐλθόν,
610 749 685 836 παρ’
697 752 832 832 ἑκόντος
841 753 964 821 τούτου
975 763 1031 819 λα-

81 846 154 937 βόυ
171 854 257 935 ἔχειν
268 846 307 917 τά
326 849 449 917 ἑαυτοῦ
458 874 464 887 ·
490 846 571 936 μετόι
590 848 625 918 δέ
641 848 730 917 ταῦτ’
743 848 934 919 ἀπελθόντα
951 860 1032 918 τοῦ-

81 972 142 1016 τον
161 946 257 1033 ήκειν
277 945 357 1025 τούς
378 943 689 1035 ἀμφισβητήσοντας
710 948 851 1034 ἀγουτα,
873 947 974 1029 αὐτός
997 947 1029 1017 δ’

82 1042 143 1131 οόχ
154 1042 351 1125 ὑπεξελθεῖν
360 1048 514 1130 ἐκείνοις,
531 1053 652 1115 τούτου
663 1046 693 1115 δ’
707 1047 779 1134 οόχὶ
791 1048 933 1117 κωλύειν
947 1055 1033 1135 ἐχειν

82 1143 208 1227 ὅσαπερ
220 1143 446 1230 ε’μισθόσατο,
460 1151 490 1213 εἰ
499 1150 608 1230 ποιοίη
620 1142 660 1213 τό
672 1154 879 1234 συγκείμενα.
904 1146 1033 1214 τούτων

55 1242 144 1330 ὃμὲν
155 1239 195 1327 δή
207 1241 377 1321 τοιούτους
388 1240 500 1311 ἀκούω
510 1242 639 1326 λόγους.
668 1246 774 1312 ἐκεῖνο
792 1243 824 1310 δ’
837 1242 901 1312 οἷδ’
913 1241 980 1328 ότι,
1004 1250 1035 1311 ελ

83 1344 144 1430 μὲν
154 1333 252 1421 οὗτος
261 1339 373 1428 ἀληθῆ
384 1342 471 1427 λέγει
480 1343 535 1410 καὶ
548 1339 641 1410 δεινά
652 1345 832 1428 πέπονθεν,
842 1340 952 1430 ὥσπερ
965 1369 1032 1430 φη-

84 1442 155 1527 σὶν,
168 1437 234 1508 ὑπὸ
246 1448 310 1508 τοῦ
318 1437 489 1527 Εὐέργου,
501 1446 565 1525 ἔχει
576 1444 673 1526 δίκην
683 1431 722 1526 ἧς
732 1438 903 1525 ἐτιμήσατο
915 1439 1030 1518 αότός·

84 1533 148 1608 εἷλε
165 1536 230 1625 γάρ
242 1535 348 1606 αὐτόν
364 1536 526 1607 εἰσελθών
544 1535 587 1618 ἀς
597 1536 701 1625 ὑμᾶς,
722 1539 777 1605 καὶ
789 1535 830 1605 ού
842 1538 951 1625 δήπου
964 1546 1032 1605 τῶν

83 1635 197 1705 αὐτόν
207 1637 296 1723 παρά
307 1663 342 1704 τε
352 1645 414 1706 τοῦ
423 1638 640 1725 πεποιηκότος
651 1636 776 1716 δίκαιός
786 1639 854 1706 ἐστι
866 1641 963 1725 δίκην
972 1645 1032 1705 λα-

83 1743 156 1825 δεῖν
176 1738 232 1804 καὶ
252 1734 325 1821 παρ’
349 1738 432 1823 ἐμοῦ
454 1743 515 1805 τοῦ
536 1733 616 1824 μηδ’
629 1739 883 1822 ἐπιδημοῦντος·
917 1741 947 1802 εἰ
968 1732 1032 1801 δ’ὁ

82 1833 231 1922 Εὔεργος
241 1831 353 1922 ἀληθῆ
363 1840 460 1922 λέγει,
472 1834 757 1922 σεσυκοφάντηται
769 1833 840 1920 μὲν,
860 1829 903 1912 ὡς
915 1837 1032 1918 ἐοικεν,

83 1935 223 2015 ἐκεῖνος,
241 1930 305 2018 ἐγώ
324 1930 356 2000 δ’
371 1930 445 2001 οὐδ’
463 1931 552 2002 οὕτω
563 1941 631 2002 τοῖν
642 1931 754 2002 αὐτῶν
764 1928 913 2019 φεύγοιμ’
927 1927 969 2000 ἀν
983 1937 1033 1999 δί-

82 2058 147 2118 κην
158 2032 301 2112 εἰκότως.
324 2031 368 2111 οἱς
379 2026 443 2101 οόυ
453 2042 558 2102 ταῦτα
569 2042 702 2118 πρῶτον
714 2030 824 2118 ἀληθῆ
835 2037 934 2115 λέγω,
953 2030 1033 2098 τού·

82 2157 149 2198 των
159 2128 238 2209 τοὺς
249 2132 418 2218 μάρτυρας
428 2130 508 2217 ὑμῖν
517 2135 696 2216 παρέξομαι

428 2288 681 2350 ΜΑΡΤΤΡΕΣ.

55 2443 73 2498 9
159 2418 229 2487 Ὅτι
245 2420 306 2506 μὲν
322 2427 438 2486 τοίνυν
452 2420 508 2485 καὶ
524 2416 653 2504 πρατήρ
670 2409 715 2502 ήυ
731 2412 811 2502 ήμῑν
825 2420 894 2482 τιόυ
905 2413 1032 2499 κτημά-

82 2543 149 2584 των
162 2515 266 2605 ὅσπερ
279 2520 311 2598 ἐξ
323 2516 424 2602 ἀρχῆς
435 2513 536 2595 αότός
547 2517 671 2602 ἐιόυητο
679 2567 688 2600 ,
706 2517 762 2583 καὶ
779 2512 861 2583 κατὰ
879 2515 938 2594 τάς
949 2514 1091 2582 συν-959

81 2616 191 2702 θήκας
202 2609 300 2696 οὗτος
312 2615 520 2702 ἐμισθώσατο
538 2612 696 2700 ἡμέτερον
712 2611 754 2683 όν
765 2612 801 2681 τό
815 2613 1032 2700 ἐργαστήριον

81 2716 138 2783 καὶ
148 2712 380 2802 τάνδράποδα,
398 2715 454 2782 καὶ
468 2712 545 2780 οὔτε
554 2721 665 2799 παρῆν
681 2711 744 2799 ἐγώ
757 2727 824 2792 τοῖς
836 2712 917 2799 μετά
928 2718 1031 2779 ταῦτα

81 2811 331 2900 πρόςΕύεργον
340 2813 446 2904 τούτῳ
457 2821 653 2900 πραχθεῖσιν
662 2809 730 2880 οὔτ’
738 2812 925 2897 ἐπεδήμουν
935 2808 1030 2894 ὅλως,

81 2913 176 2998 ἔλαχέ
184 2938 219 2980 τε
233 2917 330 2999 δίκην
341 2917 455 3002 ἐκείνῳ
467 2915 523 2980 καὶ
535 2909 634 2980 οὐδὲν
645 2907 773 2978 πώποθ’
782 2909 861 2997 ἡμῖν
873 2910 1032 2993 ἐυεκάλει,

36 3037 71 3088 10
80 3005 218 3078 ἀκούετε
235 3019 303 3078 τοῖν
319 3011 514 3098 μαρτύρων,
539 3004 568 3079 ἀ
588 3010 708 3096 ἀνδρες
726 3015 881 3078 δικασταί.
919 3008 1030 3092 ἐπειδὴ

78 3105 237 3176 τοίνυυ’
217 3108 390 3195 ἀφικόμην
410 3108 529 3195 σχεδόν
556 3136 588 3178 τι
608 3108 701 3177 πάυτ
730 3104 988 3186 απολωλεκάς“
968 3128 1031 3174 οσα

79 3205 409 3293 ἐχωνέξέπλευσα,’
390 3208 540 3289 ἀκούσας
556 3208 948 3295 καὶκαταλαβώντούτον
968 3205 1030 3291 μὲν

78 3302 298 3392 ἀφεστηκότα,
311 3304 414 3374 τόνδ’
426 3307 579 3394 Εὔεργον
591 3313 706 3392 ἔχοντα
717 3309 772 3374 καὶ
783 3311 968 3391 κρατοῦντα
980 3293 1028 3372 όν

77 3403 270 3491 ἐωνήμεθα,
284 3403 527 3494 θαυμαστοῖς
505 3433 548 3484 ως
564 3399 792 3490 ἐλυπήθηυ,“
778 3409 869 3487 ορῶν
884 3398 921 3469 τό
940 3407 1028 3486 πρᾶ-
