2370 3854
105 251 229 312 ΠΡΟΣ
246 250 456 312 ΒΟΙΩΤΟΝ
472 250 581 310 ΠΕΡΙ
602 250 692 311 ΤΟΥ
706 248 974 313 ΟΝΟΜΑΤΟΣ.
994 249 1059 313 469

105 413 312 497 ποιήσασθαι
323 407 436 495 αὐτὸν,
450 407 491 478 οὐ
502 411 652 496 λέληθεν.
677 407 770 497 ὑμεῖς
780 409 825 497 δ’,
838 410 893 480 ὅτε
904 413 965 498 μὲν
978 421 1058 480 τοῦ-

105 538 165 578 τον
182 508 244 579 ούκ
266 514 404 578 ἐποιεῖτο
422 507 439 577 ὁ
458 508 582 597 πατὴρ,
606 506 668 595 τῆν
683 513 806 596 μητέρα
822 507 934 597 ἀληθῆ
949 515 1058 597 λέγειν

104 608 239 698 ἡγεῖσθε
251 609 371 677 αὐτοῦ·
395 608 530 676 ἐπειδὰν
541 607 572 675 δ’
587 607 677 675 οὕτω
687 607 834 694 γεγονώς
846 602 944 688 οὗτος
959 609 1058 697 ὀχλη-

106 710 163 791 ρὸς
173 703 197 798 ῆ
203 761 212 793 ,
225 708 326 777 πάλιν
336 705 416 795 ὑμῖν
428 709 506 777 ποτε
518 709 606 786 δόξει
617 711 741 786 ἐκεῖνος
752 706 864 795 ύληδῆ
874 711 992 795 λέγειν.
1025 717 1061 779 τί

106 807 149 892 δ’,
176 813 208 875 εί
222 813 521 894 ψευδομαρτυριῶν
531 804 722 874 ἁλώσεσθαι
732 811 930 892 προσδοκῶν
941 807 994 895 ἐφ’
1008 805 1057 889 οἷς

105 909 244 992 ἐρανίζει
259 907 390 984 τούτοις
405 920 475 984 τοῖς
487 907 560 989 περὶ
572 901 689 989 αὑτὸν,
712 905 837 992 ἐρήμην
849 906 954 974 δύσειε
965 916 1056 976 τελε-

104 1014 229 1091 σθῆναι
246 1002 308 1092 τῆν
324 1009 435 1091 δίκην;
455 998 568 1093 οἶρύγε
579 1001 850 1091 μικράνῆγεῖσδε
860 1006 1005 1095 βλάβην,
1029 999 1056 1076 ὦ

104 1104 223 1190 ἄνδρες
240 1102 427 1191 Ἀθηναῖοι,
451 1107 489 1172 ἐν
508 1110 666 1192 κοινωνίᾳ
684 1100 745 1171 τὸν
760 1103 890 1174 ἅπαντα
906 1113 981 1192 βίον
999 1116 1058 1193 τῆς

104 1203 226 1271 τούτου
237 1202 335 1288 δόξης
346 1204 402 1270 καὶ
411 1209 480 1268 τῶν
489 1207 598 1286 ἔργων
611 1200 710 1282 εἶναι;

64 1318 95 1371 19
179 1297 249 1366 Ὅτι
268 1307 385 1366 τοίνυν
407 1297 482 1367 οὐδ’
500 1297 521 1365 δ
539 1300 754 1387 διεξελήλυθα
770 1299 851 1388 ὑμῖν
867 1303 974 1392 μύτην
991 1331 1056 1391 φο-

102 1405 241 1485 βοῦμαι,
258 1398 461 1484 θεωρήσατε.
485 1391 583 1477 οὗτος
593 1398 657 1485 γὰρ
669 1399 732 1486 ἤδη
743 1402 798 1468 καί
810 1404 943 1489 γραφάς
952 1430 1054 1489 τινας,
1064 1423 1133 1476 1000

103 1491 130 1565 ὦ
141 1497 260 1581 ἄνδρες
269 1495 448 1583 Ἀθηναῖοι,
462 1500 639 1584 πέφευγεν,
651 1498 708 1585 ἐφ’
719 1496 770 1579 αἷς
781 1498 881 1570 οὐδὲν
893 1513 996 1581 αίτιος
1007 1499 1056 1570 δυ

101 1595 165 1682 ε’γώ
184 1597 483 1683 συνδιαβάλλομαι,
504 1599 560 1666 καὶ
580 1605 638 1684 τῆς
654 1595 757 1685 ἀρχῆς
773 1597 988 1688 ἠμφισβήτει,
1011 1599 1056 1688 ῆν

101 1692 193 1782 ὑμεῖς
211 1695 268 1781 ἐμὲ
284 1695 563 1783 ἐχειροτονήσατε,
586 1699 641 1765 καὶ
658 1697 763 1765 πολλὰ
774 1701 829 1767 καὶ
840 1704 984 1786 δυσχερῆ
999 1698 1053 1768 διδ

100 1794 139 1862 τὸ
160 1794 265 1881 ὄνομα
278 1800 487 1883 συμβέβηκεν
496 1795 592 1883 ἡμῖν,
610 1788 676 1881 οἷν,
698 1795 744 1864 ἵν’
759 1802 882 1884 είδῆτε,
907 1799 1055 1866 ἑκάστου

102 1894 270 1979 μα’ρτυρας
282 1893 363 1981 ύμῖν
374 1899 563 1983 παρέξομαι.

451 2040 702 2102 ΜΑΡΤΤΡΕΣ.

59 2170 93 2220 20
183 2143 312 2230 Ὁρᾶτε,
325 2139 352 2212 οἷ
363 2145 484 2233 ἄνδρες
492 2145 678 2233 Ἀθηναῖοι,
689 2147 729 2214 τὰ
741 2154 983 2235 συμβαίνοντα,
998 2152 1055 2217 καὶ

98 2242 161 2328 τῆν
177 2241 298 2330 οἱηδίαυ
314 2243 375 2331 τῆν
386 2249 422 2314 ἐκ
432 2254 494 2314 τοῦ
504 2246 703 2334 πράγματος.
737 2253 767 2314 εί
774 2253 890 2315 τοίνυν
900 2246 945 2335 μὴ
957 2245 1055 2335 ύηδδς

98 2337 142 2429 ῆν
160 2346 195 2410 ἐκ
214 2344 344 2412 τούτων
354 2343 430 2431 μηδ’
444 2344 529 2425 ὅλως
539 2345 707 2416 ἀδύνατον
717 2346 841 2416 ταύτὸν
850 2352 935 2433 ἔχειν
946 2347 1052 2435 ὄνομα

99 2438 180 2526 ἡμῖν
191 2443 403 2528 συνέβαινεν,
427 2443 469 2510 οὐ
481 2445 590 2531 δήπου
600 2438 720 2515 τούτου
731 2447 792 2532 μὲν
802 2449 932 2515 δίκαιον
942 2448 979 2516 τὸ
994 2452 1052 2533 με’-

101 2567 158 2624 ρος
175 2542 345 2626 τῶνέμύυ
356 2542 533 2628 χρημάτων
544 2549 629 2630 ἔχειν
640 2545 722 2613 κατὰ
735 2542 796 2630 τὴν
807 2551 957 2631 ποίησιν,
978 2543 1050 2631 ῆνὸ
1097 2635 1099 2639 Ι

101 2638 208 2726 πατὴρ
226 2637 330 2707 αύτδν
346 2639 569 2727 ἀναγκασθεὶς
586 2645 777 2730 ἐποιήσατο,
800 2643 855 2729 ἐμὲ
866 2642 898 2710 δ’
911 2641 1052 2729 ἀφαιρε-

100 2747 206 2824 θῆναι
222 2738 387 2827 τούνομα,
411 2737 641 2829 δβουλύμενος
659 2746 713 2812 καὶ
730 2741 805 2811 ούδ’
817 2739 878 2827 ὑφ’
892 2739 966 2820 ἑνὸς
977 2749 1052 2829 βια-

100 2840 193 2916 σθεὶς
204 2844 309 2907 ἔθετο.
333 2838 395 2908 ούιι
409 2838 669 2930 δγωηεῆγοΰμαι.
692 2848 747 2911 ἵνα
758 2849 874 2912 τοίνυν
885 2847 991 2929 είδῆτε
1001 2841 1053 2910 ὅτι

101 2934 141 3001 ού
158 2935 264 3021 μόνον
276 2945 322 3017 είς
332 2937 411 3019 τοὺς
422 2941 587 3028 φράτερας
598 2941 718 3025 οὕτως,
742 2940 786 3021 ὡς
796 2941 1052 3028 μεμαρτύρηται,

100 3029 117 3099 ὁ
131 3034 237 3122 πατὴρ
250 3033 311 3122 τῆν
324 3040 496 3125 ἐγγραφὴν
507 3040 700 3127 ἐποιήσατο,
721 3038 804 3106 ἀλλὰ
815 3040 871 3106 καὶ
881 3036 943 3125 τῆν
954 3041 1053 3106 δεκά-

98 3159 161 3219 την
173 3137 243 3220 έμοὶ
255 3145 360 3203 ποιῶν
371 3135 517 3223 τούνομα
529 3147 627 3208 τούτο
639 3145 745 3225 ἔθετο,
753 3140 835 3224 λαβέ
841 3165 897 3224 μοι
906 3140 961 3206 καὶ
969 3138 1051 3207 ταύ·

97 3260 160 3319 την
171 3235 233 3321 τῆν
244 3244 438 3321 μαρτυρίαν.

455 3359 696 3424 ΜΑΡΤῬΡΙΑ.

53 3500 85 3553 21
182 3486 348 3575 Ἀκούετε,
371 3481 399 3556 ὦ
415 3488 536 3580 ἄνδρες
549 3490 735 3580 Ἀθηναῖοι,
758 3489 809 3559 ὅτι
825 3489 888 3578 ἐγώ
907 3495 969 3578 μέν
986 3497 1050 3578 εἰμι
