2370 3854
140 255 202 318 116
355 258 425 316 xxi.
457 251 872 314 ΔΗΜΟΣΘΕΝΟῬΣ

137 418 188 484 vol
205 407 409 502 πορεύεσθε,
431 412 557 499 ταύτην
572 409 613 480 οὐ
631 411 873 499 βεβαιώσαντες
884 412 1096 498 έμολβαδιεί-

138 524 216 594 σθε;
228 515 284 581 καὶ
292 518 357 581 τίνι
366 513 429 601 χρή
439 538 479 598 με
490 518 636 600 λογισμῷ
644 524 803 594 περιεῖναι
810 516 915 578 ταῦτα
924 509 1092 598 παθόντα,

138 619 169 681 εί
185 611 391 696 περιόψεσθέ
404 637 444 697 με
461 618 526 678 νῦν
543 606 652 696 δμείςς
673 607 794 696 θάρρει
809 607 851 694 νη
868 613 951 693 Δία,
974 609 1097 695 φήσειέ

136 738 185 790 τις
195 709 253 779 ἀν·
277 707 393 796 οόγάρ
404 707 450 778 ἔτ’
466 706 566 777 οὐδὲν
576 706 783 796 ὑβρισθήσει.
808 706 869 776 ἐάν
881 707 933 794 δὲ,
947 703 1017 775 τότ’
1030 705 1094 793 όρ-

136 818 281 894 γιεῑσθε,
303 806 534 894 νῦνάφέντεςς
557 811 730 894 μηδαμώς,
753 800 781 875 ώ
792 807 912 896 ἀνδρες
930 810 1093 893 δικασταὶ,

136 905 180 993 μὴ
200 910 349 994 προδώτε
367 903 445 992 μήτ’
457 905 513 992 ἐμὲ
523 905 607 993 μηθ’
620 903 706 991 ὑμᾶς
717 904 839 984 αὐτούς
848 905 931 994 μήτε
940 903 1095 985 τοδςνό-

77 1029 128 1083 223
136 1030 229 1093 μους.
265 1006 321 1072 καὶ
336 1002 401 1089 γάρ
419 1001 500 1070 αότό
518 1010 617 1072 τοῦτο
636 1011 666 1073 εί
681 1007 810 1073 θέλοιτε
822 1018 959 1072 σκοπεῖν
968 1005 1024 1072 καὶ
1035 1009 1095 1089 ζη-

136 1116 223 1185 τεῖν,
245 1109 292 1191 τῷ
303 1099 377 1169 ποτ’
388 1104 476 1169 είσλν
486 1099 584 1189 ὑμῶν
595 1107 630 1170 οί
638 1100 689 1171 ἀεὶ
700 1104 886 1184 δικάζοντες
896 1104 1025 1189 ίσχνροὶ
1035 1104 1095 1172 καὶ
1135 1138 1138 1143 ·

136 1197 246 1283 κόριοι
257 1206 325 1266 τών
336 1201 373 1266 έν
382 1207 423 1287 τῇ
433 1200 527 1269 πόλει
538 1201 674 1269 πάντων
680 1252 690 1287 ,
713 1203 773 1271 ἐάν
781 1227 818 1269 τε
831 1207 1021 1281 διακοσίους
1030 1202 1095 1270 έάν

136 1323 171 1365 τε
182 1303 307 1384 χιλίους
317 1297 377 1365 ἐάν
387 1295 424 1365 θ’
439 1295 586 1380 ὁπόσους
597 1296 670 1387 ἀνὴ
683 1300 776 1381 πόλις
791 1305 935 1389 καθίση,
957 1298 1094 1389 οὔτετῷ

137 1393 217 1482 μεθ’
231 1395 345 1465 όπλών
356 1394 440 1465 εἶναι
451 1402 708 1486 συντεταγμένοι
718 1398 816 1486 μόνοι
826 1405 895 1466 τών
904 1397 1017 1466 ἀλλων
1029 1421 1096 1466 πο-

137 1502 254 1577 λιτών,
267 1494 392 1578 εὕροιτ’
404 1494 464 1584 ἀν,
477 1495 554 1565 οὔτε
564 1505 610 1585 τῷ
621 1496 662 1565 τά
674 1495 798 1583 σώματ’
814 1497 932 1583 άριστα
943 1497 1096 1582 ἔχεινκαὶ

137 1593 279 1676 μάλιστα
292 1592 434 1680 ίσχόειν,
458 1593 536 1662 οὔτε
551 1602 597 1686 τῷ
609 1592 811 1681 τὴνὴλικίαν
827 1594 912 1663 εἶναι
923 1592 1094 1680 νεώτατοι,
1105 1618 1148 1673 58η

139 1689 217 1759 οὔτε
233 1700 302 1760 τών
315 1692 480 1762 τοιοότών
491 1690 620 1777 οὐδενὶ,
642 1690 726 1761 ἀλλά
736 1701 778 1781 τῇ
788 1700 857 1760 τών
868 1691 984 1777 νόμον
994 1689 1094 1776 ίσχόῑ.

76 1787 158 1877 22ςὴ
171 1790 206 1858 δὲ
216 1799 285 1859 τών
295 1791 411 1878 νόμων
421 1791 515 1879 ίοχδς
525 1798 572 1871 τίς
584 1795 687 1870 έστιν;
707 1784 762 1877 ἀρ’
782 1792 842 1858 έάν
852 1817 901 1868 τις
911 1786 1009 1875 ὑμών
1018 1784 1097 1856 ἀδι-

137 1889 301 1974 κούμενος
317 1887 509 1978 ἀνακράγη,
525 1894 818 1974 προσδραμοῦνται
828 1891 882 1956 καὶ
893 1890 1094 1973 παρέσονται

137 1995 359 2074 βοηθοῦντεςς
379 1987 422 2057 οὕ
431 2015 438 2030 ·
460 1989 636 2074 γράμματα
645 1989 710 2075 γάρ
721 1990 930 2075 γεγραμμένα
942 1989 1025 2072 ἐστὶ,
1038 1988 1096 2056 καὶ

137 2084 210 2171 οὐχὶ
220 2085 372 2155 δύναιντ’
385 2083 429 2156 ἀν
439 2097 537 2157 τοῦτο
549 2095 692 2174 ποιῆσαι.
714 2095 762 2166 τίς
773 2080 866 2174 οὖνὴ
879 2085 1019 2173 δύναμις
1030 2082 1096 2155 αό-

136 2192 204 2252 τών
221 2187 326 2268 έστίν;
348 2184 444 2274 ὑμεῖς
459 2186 518 2256 ἐὰν
536 2194 696 2276 βεβαιώτε
713 2185 835 2265 αὐτοὺς
853 2187 908 2253 καὶ
929 2187 1092 2271 παρέχητε

136 2292 273 2371 κυρίους
284 2283 334 2356 ἀεὶ
343 2296 390 2379 τῷ
401 2290 557 2379 δεομένῳ.
581 2285 708 2355 οὐκοῦν
720 2289 754 2353 οί
761 2284 859 2371 νόμοι
868 2309 904 2350 τε
915 2279 996 2368 ὑμίν
1006 2289 1093 2352 είσιν

75 2407 127 2460 225
136 2385 265 2470 ίσχυροὶ
275 2387 330 2453 καὶ
341 2383 435 2472 ὑμεῖς
445 2401 513 2465 τοῖς
523 2387 648 2472 νόμοις.
680 2389 854 2453 δείτοίνυν
864 2385 996 2461 τούτοις
1007 2388 1093 2470 βοη-

135 2491 213 2549 θεῖν
230 2479 351 2566 ὁμοίως
369 2482 478 2568 ώσπερ
496 2479 541 2550 ἀν
557 2481 649 2568 αὑτῷ
667 2508 715 2561 τις
732 2481 956 2571 ἀδικουμένῳ,
979 2477 1093 2549 καὶτὰ

135 2585 205 2646 τών
216 2578 330 2663 νόμων
341 2577 526 2667 ἀδικήματα
538 2580 635 2649 κοινὰ
644 2587 797 2667 νομίζειν,
814 2579 869 2666 ἐφ’
882 2578 963 2647 ὅτου
974 2604 1037 2667 περ
1048 2576 1093 2648 ἀν

136 2676 359 2763 λαμβάνηται,
372 2680 427 2745 καὶ
438 2679 518 2766 μήτε
530 2687 735 2767 λειτουργίας
745 2678 821 2768 μήτ’
834 2685 929 2748 έλεον
940 2677 1017 2764 μήτ’
1028 2677 1093 2746 άν-

137 2779 200 2857 δρα
211 2778 336 2859 μηδένα
346 2775 427 2863 μήτε
438 2780 557 2863 τέχνην
566 2785 728 2866 μηδεμίαν
740 2777 902 2866 εὑρῆσθαι
919 2775 996 2864 μήτ’
1009 2777 1091 2848 ἀλλο

136 2872 243 2959 μηδὲν.
280 2874 325 2940 δι’
348 2871 427 2942 ὅτου
448 2879 598 2964 παραβάς
619 2906 668 2959 τις
688 2880 766 2958 τοὺς
788 2878 913 2964 νόμους
930 2877 972 2947 οό
990 2878 1093 2949 δώσει

138 2975 242 3058 δίκην.

76 3099 128 3154 ρης
215 3068 324 3157 ’Τμών
336 3075 370 3139 οί
379 3072 545 3159 θεώμενοι
555 3090 622 3155 τοῖς
630 3080 824 3153 Διονυσίοις
835 3075 979 3144 εἰσιόντα
991 3082 1037 3155 είς
1053 3077 1092 3147 τό

137 3173 282 3253 θέατρον
293 3180 414 3239 τοῦτον
423 3175 606 3260 ἐσυρίττετε
617 3176 672 3243 καί
684 3171 856 3258 ἐκλώζετε,
877 3176 932 3242 καὶ
949 3173 1094 3244 πάνταδ

137 3272 254 3352 μίσους
271 3272 338 3338 ἐστὶ
356 3286 473 3358 σημεῖα
489 3276 625 3344 ἐποιεῖτε
642 3270 742 3341 οὐδέν
757 3270 936 3361 ἀκηκοότες
953 3299 1004 3342 πω
1016 3279 1094 3359 περὶ

138 3361 245 3432 αὐτοῦ
254 3366 334 3453 παρ’
348 3372 438 3455 ἐμοῦ.
462 3370 529 3439 εἶτα
540 3375 618 3456 πρὶν
629 3371 690 3459 μὲν
700 3375 897 3462 ἐλεγχθῆναι
907 3373 944 3442 τό
957 3382 1093 3461 πρᾶγμα

139 3458 335 3550 ὠργίζεσθε,
358 3466 597 3553 προύκαλεῖσθ’
619 3473 670 3538 ἐπὶ
686 3478 844 3559 τιμωρίαν
855 3471 915 3540 τόν
926 3474 1093 3560 παθόντα,
