2370 3854
261 221 405 283 ΚΑΤΑ
426 219 887 283 ΑΡΙΣΤΟΚΡΑΤΟΥΣ.
988 215 1049 282 177

93 391 221 450 σεσθαι.
256 376 496 450 εἶτ”Ολόνθιοι
512 382 573 464 μὲν
590 388 680 447 ίσασι
697 382 735 447 τὸ
754 383 876 466 μέλλον
887 383 1048 469 προορᾶν,

91 477 184 567 όμείς
205 477 241 547 δε
257 477 352 558 όντες
363 476 537 564 Ἀθηναῖοι
554 476 655 546 ταάτό
674 476 768 547 τοῦτ’
786 475 859 566 οὐχί
880 480 1048 568 ποιήσετες

91 575 449 669 άλλάίσχρδντούςτβ
459 579 534 661 περὶ
544 578 748 663 πραγμάτων
758 579 1049 667 έπίστασθαιβον-

89 677 276 750 λεόσασθαι
302 681 487 756 δοκοῦντας
513 679 665 763 προέχειν
684 669 786 764 ήττον
802 675 990 747 Ὀλυνθίων
1009 665 1047 747 τό

90 781 265 864 συμφέρον
278 775 406 854 εἰδότας
417 772 577 862 όφθήναι.
1057 790 1108 848 657

33 887 79 940 [10
169 873 298 944 Ἀκούει
308 881 424 944 τοίνυν
435 871 541 943 αὐτόν
555 876 611 944 καὶ
628 876 783 944 τοιοῦτόν
798 876 865 945 τιν’
884 879 971 962 ἐρεῖν
989 873 1048 944 λό-

89 1000 167 1061 γον,
192 969 265 1042 οἷον
283 976 338 1041 καί
354 971 519 1060 πρότερόν
536 997 615 1042 ποτε
622 969 856 1062 Ἀριστόμαχος
867 972 948 1062 παρ’
966 972 1047 1059 ὑμῖν

89 1072 303 1160 ἐδημηγόρει,
315 1071 360 1153 ὦς
369 1069 433 1141 οὐκ
444 1076 533 1140 ἐστιν
544 1071 634 1151 ὅπως
644 1077 722 1140 ποτὲ
731 1076 984 1160 Κερσοβλέπτης
994 1077 1047 1139 αί-

89 1171 442 1259 ρήσεταιΧερρόνησον
451 1168 646 1255 άποστερείν
654 1171 828 1258 ἐπιχειρῶν
837 1173 958 1260 ἐχθρός
966 1169 1048 1257 ὑμίν

89 1270 188 1338 εἶναι·
211 1268 291 1339 οὐδὲ
306 1267 371 1355 γάρ
389 1275 420 1338 εἰ
434 1269 603 1355 λάβοικαὶ
624 1270 798 1358 κατάσχοι,
821 1272 1047 1357 λυσιτελήσειν

89 1365 189 1459 αὐτῷ.
224 1371 260 1437 ἐκ
272 1371 332 1454 μέν
342 1366 376 1452 μ’
390 1369 516 1451 ἐκείνης
527 1363 590 1433 οὐκ
601 1371 692 1435 ἐστιν
701 1364 786 1456 ὑπὲρ
797 1369 978 1457 τριάκοντα
987 1370 1048 1436 τά-

89 1475 193 1534 λαντα
209 1463 230 1552 ἡ
248 1463 414 1547 πρόσοδος
429 1461 473 1551 μή
493 1468 757 1553 πολεμουμένης,
783 1471 814 1534 εί
827 1467 1048 1552 πολεμήσεται

90 1564 142 1649 δὲ,
164 1561 279 1632 οὐδέν·
303 1566 339 1631 έκ
356 1563 393 1631 δὲ
409 1565 672 1651 τοῖνέμπορίοιν,
694 1561 796 1632 δτότ’
809 1560 854 1633 άν
864 1571 1045 1652 κλεισθείη,

88 1671 184 1732 πλείν
200 1658 223 1748 ή
239 1662 412 1747 τριακόσια
429 1661 575 1730 τάλαντά
585 1659 705 1747 έστινή
718 1663 899 1745 πρόσοδος·
921 1661 1005 1730 ὥστε
1015 1668 1048 1730 τί

86 1763 291 1850 βουλόμενος
307 1759 409 1849 μικρά
427 1759 612 1849 λαμβάνειν
627 1765 682 1830 καί
699 1771 856 1849 πολεμεῖν
871 1758 916 1830 άν
926 1765 1044 1850 ἕλοιτο,

86 1860 161 1942 ἐξὸν
177 1859 218 1930 τά
233 1868 334 1930 πλείω
351 1863 408 1931 καί
423 1868 520 1948 φίλος
536 1859 637 1948 εἶναι,
659 1860 847 1948 θαυμάζειν
868 1860 1044 1947 φήσουσιν.

33 1973 76 2027 111
87 1958 151 2044 ἐγώ
169 1957 280 2028 δὀὐκ
298 1958 415 2045 άποροῖ
424 1961 487 2047 μὲν
498 1966 601 2029 είπείν
613 1957 736 2043 πολλά,
759 1957 782 2028 ά
791 1984 849 2046 μοι
859 1963 953 2028 δοκεῖ
960 1968 1045 2046 μάλ-

86 2067 146 2127 λον
158 2058 202 2126 άν
211 2086 261 2139 τις
274 2059 355 2127 ίδοδν
372 2057 522 2128 άπιστεῖν
540 2059 675 2137 εἰκότως
691 2054 715 2145 ή
730 2060 862 2138 τούτοις
878 2060 1045 2127 πιστεύων

85 2160 213 2226 ἐκείνου
231 2161 291 2225 έάν
307 2160 412 2244 μέγαν
429 2164 622 2244 γίγνεσθαι·
645 2155 687 2226 οό
702 2158 771 2244 μήν
786 2157 857 2227 ἀλλ’
874 2156 1045 2244 δμάλιστα

85 2256 262 2341 πρόχειρον
273 2260 346 2341 ἔχει,
357 2253 449 2322 τοῦτ’
462 2259 537 2342 ε’ρσδ.
559 2265 627 2325 ίστε
639 2257 748 2342 δήπου
756 2264 934 2343 Φίλιππον,
946 2250 973 2324 ὦ
984 2257 1045 2323 άν-

86 2352 355 2439 δρεςἏθηναίοι,
370 2357 503 2422 τουτονὶ
513 2351 573 2422 τόν
583 2354 784 2442 Μακεδόνα,
797 2348 826 2445 ᾦ
836 2352 924 2423 πολδ
935 2355 1044 2442 δήπου

83 2459 212 2538 μάλλον
228 2453 405 2520 ἐλυσιτέλει
422 2449 481 2531 τάς
496 2454 529 2533 ἐξ
546 2448 675 2540 όιπάσης
684 2459 900 2534 Μακεδονίας
918 2454 1044 2539 προσό-

83 2555 164 2629 δους
181 2547 285 2629 άδεοῖς
303 2549 487 2638 λαμβάνειν
503 2547 526 2638 ή
546 2549 627 2638 μετά
650 2553 821 2622 κινδύνων
841 2551 900 2633 τάς
920 2556 953 2635 ἐξ
965 2553 1045 2640 Ἀμ-

84 2648 266 2736 φιπόλειος,
287 2651 343 2719 καί
358 2659 505 2738 χρῆσθαι
521 2658 641 2737 φίλους
656 2651 875 2737 αίρετιότερον
891 2645 936 2739 ήν
952 2650 1043 2742 αὐτῷ

83 2763 152 2829 τοῖς
168 2764 337 2838 πατρικοῖς
355 2744 466 2837 ὑμίνή
480 2757 670 2836 Θετταλοῖς,
694 2749 798 2820 οἳτδν
809 2749 923 2838 πατέρ’
936 2750 1043 2820 αὐτοῦ

33 2846 158 2916 .1υποτ’
180 2851 344 2934 έξέβαλον.
379 2847 463 2916 άνεν
479 2847 544 2935 γάρ
560 2851 683 2918 τούτου
693 2849 830 2919 κάκείνο
841 2855 931 2919 ἐστιν
944 2856 1042 2920 ίδείν·

84 2945 179 3033 ὑμεῖς
194 2948 270 3032 μὲν,
294 2939 322 3014 ό
340 2947 460 3032 άνδρες
473 2945 660 3035 Ἀθηναῖοι,
684 2948 806 3019 οὐδένα
826 2948 1043 3037 προύδώκατε

84 3045 217 3112 πώποτε
230 3053 298 3112 τῶν
309 3052 427 3133 φίλων,
440 3051 597 3116 Θετταλοὶ
609 3048 644 3117 δὲ
655 3045 778 3118 οὐδένα
789 3047 925 3117 πώποθ’
940 3046 1041 3117 ὅντιν’
1105 3083 1108 3090 ·

84 3142 135 3212 οὔ.
160 3141 228 3212 ἀλλ’
240 3140 330 3230 ὅμως
339 3143 445 3225 οὕτως
454 3145 598 3233 ἐχόντων
608 3145 738 3216 τούτων
747 3145 848 3234 μικρά
860 3147 1044 3234 λαμβάνειν

83 3245 138 3311 καὶ
150 3243 230 3322 τούς
241 3239 402 3326 άπίστονς
410 3251 530 3332 φίλους
539 3248 595 3314 καί
605 3244 872 3315 τδκινδυνεόειν
889 3245 963 3316 ιἰντί
981 3257 1043 3315 τοῦ

33 3360 71 3414 ,13
83 3339 155 3427 μετ’
172 3340 354 3429 άσφαλείας
371 3348 430 3430 ζῆν
447 3341 547 3434 ὁρᾶτε
565 3348 798 3434 προηρημένον
811 3342 923 3414 αὐτόν.
957 3352 992 3414 τί
1000 3346 1042 3434 δή

83 3437 157 3508 ποτ’
181 3451 303 3522 αίτιονς
327 3439 369 3509 οὐ
387 3442 452 3530 γάρ
474 3444 515 3532 δή
537 3446 641 3532 λόγον
655 3469 695 3530 γε
709 3443 746 3512 τδ
766 3451 903 3532 πράημα
918 3441 1043 3514 οὑτωσὶ
1052 3442 1108 3509 658

124 3537 262 3591 Demosth.
285 3538 344 3592 Vol.
356 3537 392 3591 Π-
857 3539 902 3592 Ὠ,
