2370 3854
364 222 506 286 ΠΡΟΣ
527 221 813 284 AAKPITON.
994 223 1058 286 409

148 392 242 479 πλοίφ
260 392 343 454 οίνοο
355 391 514 452 Μενδαίου
533 384 658 472 κεροὶμια
676 386 849 469 τετρακόσια
866 381 1058 470 πεντήκοντα,

149 475 201 539 καλ
216 466 256 539 οδ
270 476 372 538 πλείω·
402 468 474 536 ίὶλλο
492 470 525 535 δλ
541 471 633 552 μηδὲν
651 464 802 556 ἆγήγιμον
823 469 950 555 ἄγεσθαι
968 471 1000 534 ίν
1016 477 1058 553 τρὶ

149 561 243 646 πλοίηο
250 552 472 639 Ἀπολλόδωρον
482 557 522 630 είς
533 548 586 619 τὸν
596 551 723 618 Πόντον.

186 639 300 716 Ἱππίας
308 635 745 723 ἈθηνίππουἈλεκαρνασσεδς
762 647 906 723 μαρτυρεῖ
918 645 1059 745 συμπλεῖν

151 729 183 790 ἐν
192 722 388 826 τήᾝλησίου
399 725 448 805 νηλ
460 718 605 786 διοπεύων
616 716 671 804 τήν
680 729 766 804 ναῦν,
779 724 829 786 καλ
839 724 947 787 εἰδέναι
957 730 1058 787 Απολι

152 807 283 891 λόδωρον
298 833 351 873 τον
371 809 540 890 Φασηλίτην
558 799 704 889 ἇγόμενον
714 807 747 870 ἕν
761 813 802 892 τῷ
818 810 910 893 πλοίφ
926 807 959 870 ἑκ
970 807 1058 870 Μίν-

153 897 205 974 δης
222 895 262 968 είς
279 885 331 956 τὸν
340 887 460 956 Πόντον
477 893 560 954 οἴνου
570 893 728 954 Μενδαίου
746 887 871 975 κεράμια
888 889 1059 975 τετρακόσια

152 972 342 1057 πεντήκοντα,
354 972 425 1040 ἄλλο
437 975 469 1039 δλ
479 973 571 1056 μηδὲν
581 977 711 1057 φορτίον.

194 1055 278 1145 Πρδς
303 1052 400 1125 τοῖσδ’
424 1053 651 1140 ἐξεμαρτύρησεν
673 1050 827 1139 Ἀρχιοίδης
854 1060 1058 1139 Μνησωνίδου

149 1138 319 1227 Ἀχαρνεὺς,
331 1140 503 1226 Σώστρατος
524 1136 870 1223 ΦιλίππονἹστιαιίθεν,
890 1137 1059 1242 Εὐμάριχος

152 1223 472 1313 ΕίβοίουἹστιαιόδεν,
488 1217 647 1302 Φιλτιιίδης
658 1227 786 1304 Κτησίου
797 1227 975 1306 Ξυπεταιων,
986 1233 1059 1289 Διο·

153 1310 255 1386 νίσιος
266 1310 493 1392 Δημοκρατίδου
504 1307 684 1389 Χολλείδης]

67 1454 98 1504 21
198 1420 281 1505 Περὶ
297 1417 360 1505 μὲν
376 1410 441 1487 οὖν
451 1424 514 1484 τοῦ
525 1413 679 1503 πλήθους
689 1425 750 1483 τοῦ
762 1427 875 1499 ολνου,
897 1417 980 1489 ὅσον
994 1424 1059 1486 ἔδει

112 1516 235 1598 αὐτοὺς
252 1520 413 1586 ἐνθέσθαι
429 1520 475 1594 είς
492 1511 529 1582 τὸ
554 1523 689 1598 πλοῖον,
712 1522 815 1583 ταῦτα
832 1514 1058 1602 διεπράξαντο,

110 1620 164 1687 καλ
175 1616 317 1704 ἤρξαντο
329 1613 435 1694 εὐθὺς
445 1616 604 1681 ἐντεῦθεν
621 1609 685 1680 ἀπὸ
698 1620 759 1681 τοῦ
769 1613 904 1700 προίτον
913 1639 1059 1701 γεγραμ»
1068 1642 1122 1698 930

109 1718 213 1804 μένον
225 1720 447 1802 παραβαίνειν
457 1713 513 1780 καλ
524 1708 568 1799 μή
582 1724 689 1778 ποιεῖν
700 1707 739 1778 τὰ
751 1717 970 1798 γεγραμμένα.
1000 1741 1051 1800 με·

107 1814 147 1884 τίι
160 1814 196 1883 δὲ
207 1810 295 1882 ταῦτ’
309 1819 400 1882 ἐστιν
410 1815 447 1881 ἐν
457 1818 498 1900 τή
510 1816 689 1898 συγγραφῇ
700 1805 750 1877 ὅτι
761 1806 957 1879 ὑποτιθέασι
969 1810 1058 1879 ταῦτ’

108 1914 271 1999 ἐλεύθερα
288 1913 342 1981 καλ
360 1908 474 1979 οὐδενὶ
492 1906 593 1977 οὐδὲν
611 1907 817 1996 ὀφείλοντες,
840 1910 896 1978 καλ
916 1908 967 1977 ὅτι
982 1907 1056 1979 οὐδ’

63 2027 98 2080 λλ
109 2018 370 2087 ἐπιδανείσονται
381 2011 433 2079 ίπλ
445 2008 576 2087 τούτοις
588 2005 662 2092 παρ’
675 2004 822 2087 οὐδενός.
844 2017 947 2077 ταῦτα
964 2012 1058 2093 διαρ-

108 2118 214 2204 ρήδην
224 2120 416 2201 γέγραπται,
430 2101 588 2188 οδίίνδρες
600 2110 760 2173 δικασταί.
775 2098 868 2173 οὗτοι
879 2106 915 2173 δὲ
925 2113 959 2172 τί
967 2111 1058 2174 ἐποί-

107 2234 209 2300 ησαν;
230 2210 452 2296 ἀμελήσαντες
473 2211 541 2272 τῶν
553 2205 791 2288 γεγραμμένων
808 2204 845 2270 ἐν
861 2209 901 2290 τῇ
912 2225 1058 2288 συγγρα-

108 2318 158 2397 φή
168 2313 371 2387 δαυειῗονται
382 2303 472 2390 παροί
483 2327 572 2380 τινος
589 2311 783 2385 νεανίσκου,
801 2301 1060 2388 ἐξαπατήσαντες

109 2406 153 2487 ὥς
169 2403 283 2475 οδδενι
299 2401 399 2473 οὐδἐν
417 2398 622 2489 ὀφείλοντες·
643 2400 698 2466 καὶ
715 2395 801 2484 ήμοῖς
817 2424 852 2465 τε
871 2400 1059 2483 παρεκρού-

108 2527 210 2576 σαντο
233 2505 288 2572 καλ
309 2507 435 2570 ἔλαθον
455 2497 689 2583 δανεισάμενοι
716 2499 769 2565 ίπλ
790 2512 858 2576 τοῖς
878 2496 1058 2585 ἡμετέροις,

108 2602 239 2675 ἐκεῖνόν
255 2628 290 2670 τε
302 2599 363 2671 τδν
376 2605 552 2668 νεανίσκον
567 2593 628 2664 τὸν
643 2599 839 2663 δανείσαντα
851 2596 1059 2682 ἐξηπάτησαν

109 2700 209 2782 δείν’
225 2704 414 2785 ἐλευθέροις
425 2711 493 2777 τοῖς
509 2696 653 2784 χρήμασι
664 2692 902 2781 δανειζόμενοι·
924 2702 1060 2761 τοιαῦτα

108 2802 237 2871 τούτων
248 2801 316 2870 ἐστὶ
326 2798 366 2868 τδ
378 2794 645 2884 κακουργήματα.
674 2800 777 2861 ταῦτα
790 2795 827 2861 δλ
838 2789 930 2860 πάντ’
942 2793 1009 2861 ἐστλ
1020 2782 1060 2860 νδ

109 2907 297 2986 σοφίσματα
309 2904 479 2983 Λακρίτου
493 2902 636 2963 τουτουί.
668 2893 719 2960 ὅτι
737 2894 768 2960 δ’
780 2891 893 2978 ἅληθή
906 2894 991 2976 λέγω
1005 2892 1059 2958 καλ

109 3002 361 3067 ἐπεδανείσαντο
371 2996 520 3083 χρήματα
532 2991 622 3077 παρὰ
634 2990 696 3078 τήν
707 2987 917 3076 συγγραφήν,
931 3013 1059 3074 μαρτυ-

109 3105 185 3180 ρίαν
208 3094 437 3180 ἀναγνώσεται
464 3090 543 3178 ὗμῐν
572 3089 677 3160 αὐτοῦ
698 3097 759 3157 τοῦ
783 3091 1057 3164 ἐπιδανείσαντος,

64 3197 183 3280 λθλίγε
195 3192 257 3282 τήν
267 3200 461 3281 μαρτυρίαν.

466 3326 707 3391 ΜΑΡΤῙῬΙΑ.

193 3435 329 3521 [Ἄρατος
340 3433 586 3520 Ἁλικαρνασσεὺς
609 3443 753 3522 μαρτυρεῖ
769 3438 902 3499 δανεῖσαι
920 3429 1058 3498 ’Λπολλο-
