2370 3854
272 190 416 251 ΚΑΤΑ
453 189 766 250 ΤΙΜΟΚΡΑΤΟ
777 189 849 249 ΥΣ.
970 185 1033 251 257

77 356 115 422 ἐν
125 350 204 440 ὑμῖν
215 348 306 419 δεινά
318 353 372 417 καὶ
384 349 577 435 παράνομα,
601 345 645 415 δι’
658 342 707 415 ὧν
716 345 910 435 ἠργολάβει,
928 369 1035 433 προσ-

37 461 202 539 θλαγωγεί
220 450 327 538 τούτφ
348 448 517 534 χριόμενος
540 453 608 513 τῶν
631 448 818 532 λημμάτων.
851 451 906 514 καί
927 438 1033 514 πολλά

78 557 147 616 τοῖν
163 545 333 632 ὑμετέρων
349 548 491 630 κέκλοφε
509 542 590 630 μετά
602 545 734 631 τούτου,
747 545 878 630 γράψας
887 546 965 623 τοὺς
978 547 1034 613 έν-

80 653 159 715 δεκα
175 648 230 714 καὶ
246 642 326 723 τούς
343 641 526 720 ἀποδέκτας
543 639 692 720 καὶτοὺς
709 640 874 728 ὑπηρέτας
891 640 1035 709 ἀκολου-

79 756 156 812 θεῖν
172 740 250 829 μεθ’
264 739 379 809 αὑτοῦ.
414 737 471 807 εἰτ’
485 744 569 824 ἔχων
580 739 720 819 τούτους
730 733 813 826 ἦγεν
823 742 875 808 ἐπὶ
886 738 943 818 τάς
954 737 1035 825 δμε-

81 846 175 929 τέρας
186 848 306 926 οἰκίας,
329 836 455 923 καὶσὺ,
481 830 739 923 ύΤιμόκρατες,
762 836 1035 923 συνηκολούθεις,

81 942 183 1027 μόνος
193 946 262 1005 τῶν
273 935 510 1022 συναρχόντων
522 939 600 1004 δέκα
612 934 728 1004 όντων.
763 938 819 1004 καὶ
828 937 941 1022 μηδεὶς
950 933 1037 1003 ὑπο-

82 1040 275 1126 λαμβανέτω
302 1061 343 1123 με
371 1038 479 1120 λέγειν
500 1032 545 1113 τός
567 1032 608 1101 ού
629 1043 712 1120 χρῆν
733 1032 939 1118 εἰσπράττειν
960 1031 1038 1112 τοὺς
1046 1044 1094 1099 751

82 1136 284 1222 ὀφείλοντας.
319 1142 404 1221 χρῆν
418 1131 494 1218 γάρ.
527 1130 610 1200 ἀλλά
632 1141 717 1211 πάς;
739 1131 783 1211 ως
803 1130 821 1200 ὁ
838 1134 940 1217 νόμος
956 1129 1038 1217 ἀγο-

83 1237 189 1322 ρεύει,
211 1241 279 1302 τάν
296 1231 407 1301 ἀλλων
424 1233 536 1298 ἕνεκα·
559 1239 657 1299 τοῦτο
674 1232 739 1315 γάρ
756 1233 824 1298 ἐστι
847 1232 1036 1317 δημοτικόν.

83 1332 200 1417 οὐγὰρ
211 1340 388 1414 τοσοῦτον,
402 1322 428 1396 ά
440 1326 746 1415 άνδρεςἏθηναίοι,
758 1334 855 1398 πέντε
866 1331 1039 1397 ταλάντων

83 1431 180 1516 ὑμῖν,
194 1422 242 1496 ὧν
254 1420 347 1497 οὗτοι
357 1425 429 1496 τότ’
441 1430 651 1512 εἰσέπραξαν,
672 1431 839 1495 τεθέντων
851 1424 1037 1512 ὠφέλησθε,

84 1528 167 1596 ὅσον
183 1527 357 1612 βέβλαφθε
368 1524 530 1592 τοιούτων
539 1529 631 1593 ἐθῶν
642 1531 688 1604 εἰς
696 1525 759 1611 τὴν
769 1530 937 1592 πολιτείαν
949 1531 1040 1593 εἰσα-

37 1646 75 1701 ,63
84 1628 243 1712 γομένων.
264 1631 294 1694 εἰ
304 1626 369 1712 γάρ
381 1621 519 1693 ἐθέλοιτ’
533 1624 680 1704 ἐξετάσαι
697 1631 787 1702 τίνος
803 1626 901 1693 ἕνεκα
911 1630 1040 1710 μᾶλλον

83 1725 127 1791 ἀν
136 1750 184 1802 τις
194 1723 300 1790 ἕλοιτο
313 1724 349 1788 ἐν
361 1726 563 1810 δημοκρατίᾳ
574 1718 666 1808 ζηνῆ
684 1726 720 1790 ἐν
737 1720 925 1811 ὀλιγαρχίη,
947 1729 1037 1788 τοῦτ’

84 1819 126 1890 άυ
143 1819 272 1905 εὕροιτε
291 1820 562 1906 προχειρότατον,
585 1820 637 1888 ὅτι
653 1821 762 1888 πάντα
773 1820 941 1907 πραότερά
952 1824 1040 1887 ἐστιν

84 1924 121 1988 ἐν
133 1923 345 2006 δημοκρατίᾳ.
365 1917 416 1985 ότι
426 1917 487 2003 μὲν
498 1926 616 1987 τοίνυν
625 1927 682 2005 τῆς
693 1917 780 1987 ὅπου
792 1919 958 2006 βούλεσθε
970 1915 1041 1984 ὀλι-

84 2024 219 2103 γαρχίας
237 2023 349 2103 πολλῷ
361 2014 579 2101 ἀσελγέστερα
589 2019 644 2086 καὶ
654 2017 823 2101 δεινότερα
834 2022 969 2086 ἐποίουν
980 2006 1040 2082 οὗ·

84 2142 151 2200 τοι,
174 2120 382 2197 παραλείψω·
406 2112 489 2181 ἀλλά
508 2113 590 2199 παρ’
606 2113 686 2200 ἡμῖν
697 2115 778 2183 πότε
788 2115 920 2182 πάποτε
932 2112 1041 2180 δεινό-

85 2240 165 2281 τατα
189 2216 225 2280 ἐν
245 2218 285 2296 τῇ
304 2211 398 2278 πόλει
414 2213 568 2294 γέγονενς
589 2205 629 2277 εὖ
647 2210 710 2278 οἶδ’
729 2210 780 2277 ότι
797 2211 849 2278 ἐπὶ
862 2217 931 2277 τῶν
948 2207 1041 2292 τριά-

37 2337 77 2392 ,64
86 2307 185 2380 κονθ’
200 2307 343 2384 ἅπαντες
354 2301 397 2372 ἀν
409 2315 538 2374 εἰποιτε.
558 2307 634 2374 τότε
644 2313 771 2391 τοίνυν,
784 2304 827 2385 ὡς
839 2313 928 2374 ἐστιν
938 2304 1041 2372 ἀκού-

87 2437 136 2477 ειν
143 2459 152 2493 ,
166 2403 275 2483 οὐδεὶς
287 2409 376 2473 ἔστιν
387 2403 477 2484 ὅστις
487 2402 695 2490 ἀπεστερεῖτο
706 2413 768 2472 τοῦ
778 2411 941 2492 σωθῆναι,
953 2401 1042 2482 ὅστις

86 2505 207 2578 ἑαυτόν
220 2513 307 2572 οἰκοι
324 2502 499 2588 κρύψειεν,
522 2500 596 2571 ἀλλ’
616 2499 698 2571 αύτό
709 2510 807 2574 τοῦτο
819 2510 1042 2590 κατηγοροῦσι

86 2616 153 2675 τῶν
164 2604 351 2692 τριάκοντα,
365 2601 417 2670 ότι
427 2600 506 2682 τούς
517 2605 553 2671 ἐκ
565 2609 624 2688 τῆς
634 2599 757 2687 ἀγοράς
769 2598 890 2681 ἀδίκως
901 2599 1040 2687 ἀπῆγον.

87 2698 179 2774 οὗτοι
190 2711 306 2771 τοίνυν
316 2701 483 2788 τοσαύτην
492 2699 685 2789 ὑπερβολήν
696 2701 893 2788 ἐποιήσαντο
905 2704 1042 2768 ἐκείνων

86 2812 144 2888 τῆς
155 2801 269 2870 αὑτοῖν
283 2807 442 2888 πονηρίας
471 2798 551 2868 ὥστ’
565 2804 603 2868 ἐν
614 2804 816 2887 δημοκρατίᾳ
827 2798 1032 2883 πολιτευόμε-

87 2926 141 2968 νοι
157 2898 220 2986 την
230 2904 317 2967 ἰδίαν
329 2905 437 2967 οἰκίαν
447 2898 573 2988 ἑκάστω
586 2897 812 2984 δεσμωτήριον
823 2903 1040 2979 καθίστασαν,

37 2998 167 3076 Ἰ,θετοὺς
183 2995 290 3064 ἕνδεκ’
311 2996 446 3081 άγοντες
457 2999 509 3065 ἐπὶ
520 2995 578 3075 τάς
590 3002 702 3074 οἰκίας.
736 3001 858 3080 καίτοι,
885 2986 1042 3077 ἀάνδρες

87 3098 271 3183 Ἀθηναῖοι,
293 3101 327 3162 τί
341 3105 469 3182 οἴεσθε,
493 3093 590 3162 ὁπότ’
608 3093 788 3179 ἅνθρωπος
806 3097 922 3175 πένης,
946 3089 968 3175 η’
987 3104 1042 3156 καί

90 3195 265 3277 πλούσιος,
287 3193 392 3262 πολλά
418 3192 446 3263 δ’
467 3188 647 3278 ἀνηλωκώς
663 3197 720 3260 καί
734 3187 799 3257 τιν’
821 3198 900 3264 ἰσως
916 3187 1042 3272 τρόπον

91 3296 223 3371 εἰκότως
235 3289 298 3359 οὐκ
312 3292 466 3378 εύποράν
477 3290 651 3376 ἀργυρίου,
663 3285 706 3375 μη
719 3285 825 3372 μόνον
835 3288 881 3362 εἰς
890 3281 952 3369 την
962 3281 1044 3367 ἀγο·

92 3392 156 3479 ράν
168 3387 292 3478 φοβοῖτ’
307 3392 478 3476 ἐμβαλεῖν,
491 3386 574 3456 ἀλλά
586 3384 663 3474 μηδ’
677 3395 763 3454 οἴκοι
773 3385 886 3470 μένειν
898 3379 1045 3460 ἀσφαλὲς

134 3488 271 3540 Demosth.
293 3484 402 3540 v01.11.
859 3479 892 3530 1'(
