2370 3854
116 219 178 282 140
342 222 428 278 xx11.
461 217 851 277 ΔΗΜΟΣΘΕΝΟΥΣ
943 251 946 257 -

117 378 198 458 λοάς
210 383 278 448 ἔδει
290 384 400 458 κακῶς
411 383 563 464 ποιήσαις
585 377 771 463 βούλεσθε,
796 369 824 444 εδ
838 374 960 463 ἀνδρες
971 374 1076 462 Ἀδη-

117 492 222 564 ναλοι,
257 476 293 545 τὸ
316 476 447 545 τούτων
469 484 577 543 αλτιον
598 473 663 559 ἐγω
689 471 773 560 ύμῖν
796 482 894 554 είπως
917 473 970 541 ὅτι
992 476 1076 542 τού-

117 604 185 645 των
196 578 257 663 μὲν
268 578 394 662 μετέχει
406 567 455 644 οἷν
466 573 644 643 ἀδικοῦσιν
657 570 744 658 ὑμᾶς
754 579 857 661 τινὲς,
879 570 945 640 ἀπὸ
959 572 998 640 δὲ
1007 577 1076 640 τοῖν

118 677 406 762 εἰσπραττομένων
429 672 636 760 ὑφαιρεῖται·
662 670 703 739 δι’
729 669 913 756 ἀπληστίαν
935 671 972 736 δὲ
994 669 1081 754 τρό-’

118 799 191 843 πων
207 773 346 861 διχόθεν
368 779 555 861 καρποῦται
576 771 638 859 τήν
660 772 770 839 πόλιν.
802 767 882 837 ούτε
904 765 968 854 γὰρ
991 769 1078 856 ῥᾷον

119 880 252 950 πολλοῖς
263 873 318 938 καὶ
328 868 429 956 μικρά
447 867 623 937 ἀδικοῦσιν
639 863 893 952 ἀπεχθάνεσθαι
909 861 931 952 ή
948 862 1073 951 ὀλίγοις

118 972 174 1036 καλ
184 966 328 1054 μεγάλα,
350 965 428 1034 ούτε
445 965 708 1053 δημοτικώτερον
727 963 836 1051 δήπου
852 963 893 1032 τά
908 970 977 1032 τῶν
989 972 1073 1033 πολ-

119 1076 188 1135 λεόν
200 1063 386 1152 ἀδικήματα
399 1061 566 1153 ὁρᾶνήτά
579 1071 647 1134 τόν
658 1061 789 1149 ὀλίγων.
812 1061 898 1131 ἀλλὰ
916 1060 1005 1131 τοῦτ’
1018 1073 1073 1135 αδ-

118 1191 192 1234 τιον
213 1163 305 1252 ούχύ
325 1168 421 1251 λέγω.
463 1172 533 1232 τῶν
554 1165 617 1251 μὲν
637 1161 728 1231 ολδεν
749 1162 869 1231 ἑαυτὸν
884 1161 981 1248 ὄντα,
1004 1169 1074 1231 τῶν

120 1263 344 1349 ἀδικούντων,
370 1262 458 1351 ὑμεῖς
476 1261 507 1330 δ’
532 1260 671 1341 οὐδενός
691 1259 802 1342 ἀξίους
821 1259 985 1348 ἡγήσατο·
1020 1258 1072 1329 διδ

76 1382 112 1436 68
119 1371 241 1432 τοῦτον
257 1363 417 1450 ἐχρήσατο
434 1361 496 1431 τόν
508 1363 636 1449 τρόπον
653 1359 741 1448 ύμῖν.
773 1367 804 1430 εί
818 1359 883 1447 γὰρ
899 1357 1073 1455 ἀνδραπό-

120 1467 190 1531 δων
207 1462 319 1546 πόλις,
349 1460 433 1530 ἀλλά
451 1461 495 1549 μή
519 1469 589 1530 τείν
606 1461 719 1548 ἀρχειι
744 1464 865 1547 ἑτέρων
885 1458 1072 1541 ἀξιούντων

122 1557 319 1646 ὡμολογεῖτε
337 1558 438 1645 εἶναι,
461 1558 524 1629 ούκ
541 1555 601 1646 ἀν,
625 1553 653 1627 ὦ
670 1559 790 1645 ἀνδρες
803 1557 990 1646 Ἀθηναῖοι,
1013 1555 1072 1638 τάς

121 1658 234 1746 ὕβρεις
252 1655 436 1744 ἀνέσχεσθε
451 1656 510 1737 τάς
525 1657 667 1743 τούτου,
698 1654 737 1736 ἀς
758 1656 842 1725 κατὰ
860 1657 923 1744 τήν
943 1654 1073 1743 ἀγορὰν

121 1756 270 1846 ὕβριζεν,
283 1754 371 1843 ὁμοῦ
380 1763 571 1844 μετοίκους,
579 1755 791 1843 Ἀθηναίους,
803 1759 908 1843 δίων,
921 1754 1072 1842 ἀπύχων,

121 1864 212 1942 βοῶν
222 1859 259 1923 ἐν
269 1870 338 1935 ταις
349 1859 544 1943 ἐκκλησίαις,
556 1858 609 1925 ἐπὶ
618 1864 681 1924 τού
690 1856 847 1944 βήματος,
862 1857 1006 1934 δούλους
1016 1857 1073 1925 καί

121 1951 165 2021 ἐκ
175 1953 308 2021 δούλων
325 1962 438 2022 καλῶν
456 1953 562 2022 αὑτοῦ
578 1962 728 2041 βελτίους
747 1958 802 2024 καὶ
822 1960 859 2024 ἐκ
878 1954 1072 2043 βελτιόνων,

121 2056 254 2136 ἐρωτῶν
276 2058 307 2120 εί
325 2051 433 2140 μάτην
454 2051 490 2121 τὰ
514 2055 740 2140 δεσμωτήριον
760 2053 971 2145 ᾠκοδομήθη.
1010 2081 1075 2122 κα-

121 2160 267 2238 ταφαίην
279 2146 322 2218 ἀν
333 2157 452 2238 ἔγωγε,
476 2161 509 2220 εί
516 2149 542 2238 χ’
557 2150 575 2220 ὁ
588 2150 696 2239 πατήρ
708 2151 726 2222 ὁ
739 2153 796 2232 σός
813 2151 914 2245 ρ’ίχετο
925 2152 1073 2223 αὐτόθεν

121 2250 235 2330 αάταίς
254 2255 368 2331 πέδαις
388 2251 646 2340 ἐξορχησάμενος
666 2261 857 2322 Διονυσίων
884 2259 926 2342 τῇ
947 2258 1073 2341 πομπή.

121 2349 205 2418 ἀλλα
217 2349 253 2418 δὲ
263 2348 327 2419 όσα
344 2350 484 2439 ὕβρικεν
501 2348 575 2419 οὐδ’
589 2347 633 2419 ἀν
644 2357 711 2438 ἔχοι
721 2381 770 2432 τις
782 2360 901 2422 εἰπεῖν·
926 2359 1073 2421 τοσαύτα

120 2447 157 2516 τὸ
177 2450 307 2532 πλῆθός
323 2454 422 2516 ἐστιν.
461 2442 509 2516 ὧν
527 2449 666 2534 ἀθρόων
684 2450 779 2530 ἀξιον
795 2451 957 2539 λαβόντας
975 2455 1073 2537 δίκην

119 2546 264 2632 τήμερον
281 2545 488 2632 παράδειγμα
507 2556 642 2632 ποιήσαι
657 2563 725 2627 τοῖς
736 2549 863 2635 ἀλλοις,
883 2547 924 2618 ἵν’
938 2540 1002 2617 ω’σι
1012 2573 1074 2634 με-

120 2668 298 2732 τριωτεροι.

2 2759 5 2764 “
78 2773 112 2829 59
204 2742 300 2810 Ἀλλά
311 2739 353 2829 νή
364 2750 431 2810 Δία
441 2751 544 2812 ταῦτα
556 2744 617 2832 μὲν
627 2745 778 2825 τοιοῦτός
789 2749 941 2831 ἐστιν,ἐν
951 2741 1001 2824 οἷς
1011 2740 1073 2813 πε-

122 2847 327 2926 πολίτευται,
349 2840 432 2909 ἀλλα
454 2840 486 2909 δ’
510 2840 579 2911 ἔσθ’
605 2842 627 2911 δι’
647 2853 755 2925 καλῶς
777 2845 954 2936 διῴκηκεν·
986 2842 1072 2914 ἀλλά

121 2937 209 3009 τᾶλλ’
222 2937 310 3007 οὕτω
321 2941 552 3027 προσελήλυθε
563 2944 672 3011 πάντα
683 2942 768 3029 πρός
786 2942 873 3030 ὑμᾶς
892 2943 976 3012 όίστε
994 2942 1112 3030 ήκι-61

123 3062 183 3107 στα
195 3043 231 3109 ἐν
243 3033 292 3119 οἷς
304 3037 467 3126 ἀκηκόατε
479 3041 570 3122 ἀξιός
580 3046 648 3112 ἐστι
659 3053 837 3129 μισεῖσθαι.
869 3051 904 3112 τί
911 3044 975 3130 γὰρ
987 3042 1073 3130 βού-

122 3146 331 3220 λεσδεείπως
356 3138 397 3208 τά
408 3155 552 3227 πομπεῖα
571 3140 615 3222 ὡς
625 3140 842 3229 ἐπεσκεύασε,
865 3145 921 3210 καὶ
931 3140 993 3228 τήν
1003 3148 1073 3210 τῶν

122 3237 299 3322 στεφάνων
308 3245 522 3327 καθαίρεσιν,
540 3235 634 3327 ήτήν
645 3247 713 3307 τῶν
724 3247 854 3324 φιαλῶν
865 3246 998 3326 ποίησιν
1009 3237 1073 3326 τήν

121 3333 242 3420 καλήν;
265 3334 334 3405 ἀλλ’
347 3339 400 3405 ἐπὶ
418 3338 548 3418 τούτοις
563 3336 604 3423 χ’,
617 3345 648 3407 εί
662 3341 717 3406 καὶ
733 3338 836 3424 μηδὲν
853 3337 933 3408 ἀλλο
945 3336 1072 3406 ἀδικῶν

121 3435 214 3516 ἔτυχε
224 3431 287 3521 τήν
298 3434 412 3520 πόλιν,
436 3437 521 3522 τρὶς,
542 3432 602 3521 οάχ
614 3435 702 3516 ἀπαξ
711 3436 874 3505 τεθνάναι
886 3440 1011 3515 δίκαιος
1022 3429 1072 3505 οδν
