<?xml version="1.0" encoding="UTF-8"?>
<!DOCTYPE html PUBLIC "-//W3C//DTD XHTML 1.0 Transitional//EN"
    "http://www.w3.org/TR/xhtml1/DTD/xhtml1-transitional.dtd">
<html xmlns="http://www.w3.org/1999/xhtml" xml:lang="en" lang="en">
 <head>
  <title>
</title>
<meta http-equiv="Content-Type" content="text/html;charset=utf-8" />
  <meta name='ocr-system' content='tesseract 3.04.00' />
  <meta name='ocr-capabilities' content='ocr_page ocr_carea ocr_par ocr_line ocrx_word'/>
</head>
<body>
  <div class='ocr_page' id='page_1' title='image "./orationesexrece01demogoog_0407.png"; bbox 0 0 2370 3854; ppageno 0'>
   <div class='ocr_carea' id='block_1_1' title="bbox 335 195 1038 262">
    <p class='ocr_par' dir='ltr' id='par_1_1' title="bbox 335 195 1038 262">
     <span class='ocr_line' id='line_1_1' title="bbox 335 195 1038 262; baseline 0.01 -7"><span class='ocrx_word' id='word_1_1' title='bbox 335 195 478 256; x_wconf 86' lang='grc' dir='ltr'><em>ΠΡΟΣ</em></span> <span class='ocrx_word' id='word_1_2' title='bbox 497 195 793 260; x_wconf 72' lang='grc' dir='ltr'><em>ΦΟΡΜΙΩΝΑ.</em></span> <span class='ocrx_word' id='word_1_3' title='bbox 976 199 1038 262; x_wconf 84' lang='grc'><strong><em>401</em></strong></span> 
     </span>
    </p>
   </div>
   <div class='ocr_carea' id='block_1_2' title="bbox 44 354 1115 3581">
    <p class='ocr_par' dir='ltr' id='par_1_2' title="bbox 90 354 1040 546">
     <span class='ocr_line' id='line_1_2' title="bbox 90 354 1039 448; baseline 0.002 -22"><span class='ocrx_word' id='word_1_4' title='bbox 90 363 203 444; x_wconf 80' lang='grc' dir='ltr'><strong><em>λαβεῖν</em></strong></span> <span class='ocrx_word' id='word_1_5' title='bbox 215 356 305 443; x_wconf 86' lang='grc' dir='ltr'><strong><em>παρά</em></strong></span> <span class='ocrx_word' id='word_1_6' title='bbox 319 360 531 442; x_wconf 86' lang='grc' dir='ltr'><strong><em>Φορμίωνος,</em></strong></span> <span class='ocrx_word' id='word_1_7' title='bbox 554 354 713 443; x_wconf 74' lang='grc' dir='ltr'><strong><em>ἐπειδὴδὲ</em></strong></span> <span class='ocrx_word' id='word_1_8' title='bbox 729 355 767 426; x_wconf 87' lang='grc' dir='ltr'><strong><em>τό</em></strong></span> <span class='ocrx_word' id='word_1_9' title='bbox 786 360 991 448; x_wconf 80' lang='grc' dir='ltr'><strong><em>συμβόλαιον</em></strong></span> <span class='ocrx_word' id='word_1_10' title='bbox 1002 365 1039 428; x_wconf 66' lang='grc' dir='ltr'><strong><em>ἐκ</em></strong></span> 
     </span>
     <span class='ocr_line' id='line_1_3' title="bbox 90 451 1040 546; baseline 0.004 -22"><span class='ocrx_word' id='word_1_11' title='bbox 90 463 135 546; x_wconf 78' lang='grc' dir='ltr'><strong><em>τῷ</em></strong></span> <span class='ocrx_word' id='word_1_12' title='bbox 152 451 299 544; x_wconf 81' lang='grc' dir='ltr'><strong><em>ὑμετέρφ</em></strong></span> <span class='ocrx_word' id='word_1_13' title='bbox 316 455 460 542; x_wconf 81' lang='grc' dir='ltr'><strong><em>έμπορίφ</em></strong></span> <span class='ocrx_word' id='word_1_14' title='bbox 477 459 611 540; x_wconf 90' lang='grc' dir='ltr'><strong><em>γέγονε,</em></strong></span> <span class='ocrx_word' id='word_1_15' title='bbox 634 453 678 543; x_wconf 77' lang='grc' dir='ltr'><strong><em>μὴ</em></strong></span> <span class='ocrx_word' id='word_1_16' title='bbox 702 456 844 542; x_wconf 79' lang='grc' dir='ltr'><strong><em>φάσκειν</em></strong></span> <span class='ocrx_word' id='word_1_17' title='bbox 868 457 943 544; x_wconf 90' lang='grc' dir='ltr'><strong><em>παρ’</em></strong></span> <span class='ocrx_word' id='word_1_18' title='bbox 961 455 1040 546; x_wconf 90' lang='grc' dir='ltr'><strong><em>ὑμῖν</em></strong></span> 
     </span>
    </p>

    <p class='ocr_par' dir='ltr' id='par_1_3' title="bbox 48 550 1042 1239">
     <span class='ocr_line' id='line_1_4' title="bbox 48 550 1041 648; baseline 0.004 -24"><span class='ocrx_word' id='word_1_19' title='bbox 48 581 82 635; x_wconf 72' lang='grc' dir='ltr'><strong><em>ιι</em></strong></span> <span class='ocrx_word' id='word_1_20' title='bbox 89 553 228 634; x_wconf 81' lang='grc' dir='ltr'><strong><em>τούτους</em></strong></span> <span class='ocrx_word' id='word_1_21' title='bbox 240 550 373 639; x_wconf 62' lang='grc' dir='ltr'><strong><em>ὑφέξειν</em></strong></span> <span class='ocrx_word' id='word_1_22' title='bbox 384 550 446 638; x_wconf 78' lang='grc' dir='ltr'><strong><em>τὴν</em></strong></span> <span class='ocrx_word' id='word_1_23' title='bbox 463 555 568 639; x_wconf 85' lang='grc' dir='ltr'><strong><em>δίκην.</em></strong></span> <span class='ocrx_word' id='word_1_24' title='bbox 595 557 650 622; x_wconf 84' lang='grc' dir='ltr'><strong><em>καί</em></strong></span> <span class='ocrx_word' id='word_1_25' title='bbox 669 553 723 624; x_wconf 84' lang='grc' dir='ltr'><strong><em>ὅτε</em></strong></span> <span class='ocrx_word' id='word_1_26' title='bbox 740 556 801 643; x_wconf 68' lang='grc' dir='ltr'><strong><em>μὲν</em></strong></span> <span class='ocrx_word' id='word_1_27' title='bbox 814 558 966 648; x_wconf 75' lang='grc' dir='ltr'><strong><em>Θεοδότῳ</em></strong></span> <span class='ocrx_word' id='word_1_28' title='bbox 978 558 1041 648; x_wconf 76' lang='grc' dir='ltr'><strong><em>τὴν</em></strong></span> 
     </span>
     <span class='ocr_line' id='line_1_5' title="bbox 90 648 1040 740; baseline 0.003 -16"><span class='ocrx_word' id='word_1_29' title='bbox 90 660 217 724; x_wconf 88' lang='grc' dir='ltr'><strong><em>δίαιταν</em></strong></span> <span class='ocrx_word' id='word_1_30' title='bbox 228 655 469 738; x_wconf 76' lang='grc' dir='ltr'><strong><em>ἐπετρέψαμεν,</em></strong></span> <span class='ocrx_word' id='word_1_31' title='bbox 490 648 712 740; x_wconf 72' lang='grc' dir='ltr'><strong><em>ὡμολόγησαν</em></strong></span> <span class='ocrx_word' id='word_1_32' title='bbox 732 653 818 725; x_wconf 86' lang='grc' dir='ltr'><strong><em>εἰναι</em></strong></span> <span class='ocrx_word' id='word_1_33' title='bbox 836 655 913 726; x_wconf 86' lang='grc' dir='ltr'><strong><em>καθ’</em></strong></span> <span class='ocrx_word' id='word_1_34' title='bbox 926 656 1040 727; x_wconf 75' lang='grc' dir='ltr'><strong><em>αὑτων</em></strong></span> 
     </span>
     <span class='ocr_line' id='line_1_6' title="bbox 89 749 1040 840; baseline 0.003 -19"><span class='ocrx_word' id='word_1_35' title='bbox 89 756 159 840; x_wconf 78' lang='grc' dir='ltr'><strong><em>ἐμοὶ</em></strong></span> <span class='ocrx_word' id='word_1_36' title='bbox 177 749 239 839; x_wconf 79' lang='grc' dir='ltr'><strong><em>τὴν</em></strong></span> <span class='ocrx_word' id='word_1_37' title='bbox 256 755 354 837; x_wconf 88' lang='grc' dir='ltr'><strong><em>δίκην</em></strong></span> <span class='ocrx_word' id='word_1_38' title='bbox 370 750 607 837; x_wconf 71' lang='grc' dir='ltr'><strong><em>εἰσαγώγιμον·</em></strong></span> <span class='ocrx_word' id='word_1_39' title='bbox 629 757 706 822; x_wconf 86' lang='grc' dir='ltr'><strong><em>νυυί</em></strong></span> <span class='ocrx_word' id='word_1_40' title='bbox 722 753 758 823; x_wconf 71' lang='grc' dir='ltr'><strong><em>δὲ</em></strong></span> <span class='ocrx_word' id='word_1_41' title='bbox 774 756 972 826; x_wconf 85' lang='grc' dir='ltr'><strong><em>τούναντίον</em></strong></span> <span class='ocrx_word' id='word_1_42' title='bbox 984 762 1040 826; x_wconf 89' lang='grc' dir='ltr'><strong><em>λε’-</em></strong></span> 
     </span>
     <span class='ocr_line' id='line_1_7' title="bbox 88 841 1040 944; baseline 0.006 -25"><span class='ocrx_word' id='word_1_43' title='bbox 88 871 206 936; x_wconf 93' lang='grc' dir='ltr'><strong><em>γουσιυ</em></strong></span> <span class='ocrx_word' id='word_1_44' title='bbox 219 841 268 917; x_wconf 68' lang='grc' dir='ltr'><strong><em>οὑν</em></strong></span> <span class='ocrx_word' id='word_1_45' title='bbox 280 849 445 935; x_wconf 90' lang='grc' dir='ltr'><strong><em>πρότερον</em></strong></span> <span class='ocrx_word' id='word_1_46' title='bbox 457 847 551 918; x_wconf 77' lang='grc' dir='ltr'><strong><em>αὐτοὶ</em></strong></span> <span class='ocrx_word' id='word_1_47' title='bbox 570 855 878 944; x_wconf 79' lang='grc' dir='ltr'><strong><em>συγκεχωρήκασιν,</em></strong></span> <span class='ocrx_word' id='word_1_48' title='bbox 900 853 944 937; x_wconf 80' lang='grc' dir='ltr'><strong><em>ἀς</em></strong></span> <span class='ocrx_word' id='word_1_49' title='bbox 962 858 1040 925; x_wconf 88' lang='grc' dir='ltr'><strong><em>δέον</em></strong></span> 
     </span>
     <span class='ocr_line' id='line_1_8' title="bbox 89 947 1040 1041; baseline 0.003 -22"><span class='ocrx_word' id='word_1_50' title='bbox 89 948 178 1035; x_wconf 89' lang='grc' dir='ltr'><strong><em>παρά</em></strong></span> <span class='ocrx_word' id='word_1_51' title='bbox 197 947 257 1035; x_wconf 73' lang='grc' dir='ltr'><strong><em>μὲν</em></strong></span> <span class='ocrx_word' id='word_1_52' title='bbox 274 955 321 1035; x_wconf 75' lang='grc' dir='ltr'><strong><em>τῷ</em></strong></span> <span class='ocrx_word' id='word_1_53' title='bbox 339 948 491 1039; x_wconf 76' lang='grc' dir='ltr'><strong><em>Θεοδότῳ</em></strong></span> <span class='ocrx_word' id='word_1_54' title='bbox 508 957 555 1040; x_wconf 78' lang='grc' dir='ltr'><strong><em>τῷ</em></strong></span> <span class='ocrx_word' id='word_1_55' title='bbox 580 957 721 1022; x_wconf 78' lang='grc' dir='ltr'><strong><em>ἰσοτελεῖ</em></strong></span> <span class='ocrx_word' id='word_1_56' title='bbox 738 951 897 1041; x_wconf 72' lang='grc' dir='ltr'><strong><em>ὑποσχεῖν</em></strong></span> <span class='ocrx_word' id='word_1_57' title='bbox 916 953 1040 1035; x_wconf 85' lang='grc' dir='ltr'><strong><em>αὑτοὺς</em></strong></span> 
     </span>
     <span class='ocr_line' id='line_1_9' title="bbox 91 1047 1042 1142; baseline 0.006 -26"><span class='ocrx_word' id='word_1_58' title='bbox 91 1055 187 1136; x_wconf 90' lang='grc' dir='ltr'><strong><em>δίκην</em></strong></span> <span class='ocrx_word' id='word_1_59' title='bbox 196 1047 281 1115; x_wconf 85' lang='grc' dir='ltr'><strong><em>ἀνευ</em></strong></span> <span class='ocrx_word' id='word_1_60' title='bbox 297 1056 533 1135; x_wconf 81' lang='grc' dir='ltr'><strong><em>παραγραφῆς,</em></strong></span> <span class='ocrx_word' id='word_1_61' title='bbox 551 1049 663 1137; x_wconf 81' lang='grc' dir='ltr'><strong><em>ἐπειδὴ</em></strong></span> <span class='ocrx_word' id='word_1_62' title='bbox 680 1051 717 1120; x_wconf 74' lang='grc' dir='ltr'><strong><em>δὲ</em></strong></span> <span class='ocrx_word' id='word_1_63' title='bbox 733 1059 779 1132; x_wconf 89' lang='grc' dir='ltr'><strong><em>εἰς</em></strong></span> <span class='ocrx_word' id='word_1_64' title='bbox 796 1052 833 1121; x_wconf 83' lang='grc' dir='ltr'><strong><em>τὸ</em></strong></span> <span class='ocrx_word' id='word_1_65' title='bbox 854 1053 1042 1142; x_wconf 79' lang='grc' dir='ltr'><strong><em>Ἀθηναίων</em></strong></span> 
     </span>
     <span class='ocr_line' id='line_1_10' title="bbox 90 1147 1042 1239; baseline 0.002 -21"><span class='ocrx_word' id='word_1_66' title='bbox 90 1147 305 1237; x_wconf 80' lang='grc' dir='ltr'><strong><em>δικαστήριον</em></strong></span> <span class='ocrx_word' id='word_1_67' title='bbox 327 1147 562 1233; x_wconf 88' lang='grc' dir='ltr'><strong><em>εἰσερχόμεθα,</em></strong></span> <span class='ocrx_word' id='word_1_68' title='bbox 595 1148 703 1236; x_wconf 88' lang='grc' dir='ltr'><strong><em>μηκέτ’</em></strong></span> <span class='ocrx_word' id='word_1_69' title='bbox 728 1152 950 1238; x_wconf 69' lang='grc' dir='ltr'><strong><em>εἰσαγώγιμον</em></strong></span> <span class='ocrx_word' id='word_1_70' title='bbox 978 1153 1042 1239; x_wconf 78' lang='grc' dir='ltr'><strong><em>τὴν</em></strong></span> 
     </span>
    </p>

    <p class='ocr_par' dir='ltr' id='par_1_4' title="bbox 46 1244 1115 2126">
     <span class='ocr_line' id='line_1_11' title="bbox 46 1244 1041 1335; baseline 0 -15"><span class='ocrx_word' id='word_1_71' title='bbox 46 1265 79 1320; x_wconf 73' lang='grc' dir='ltr'><strong><em>4ο</em></strong></span> <span class='ocrx_word' id='word_1_72' title='bbox 90 1254 188 1335; x_wconf 88' lang='grc' dir='ltr'><strong><em>δίκην</em></strong></span> <span class='ocrx_word' id='word_1_73' title='bbox 211 1246 306 1316; x_wconf 87' lang='grc' dir='ltr'><strong><em>εἰναι.</em></strong></span> <span class='ocrx_word' id='word_1_74' title='bbox 343 1247 554 1330; x_wconf 77' lang='grc' dir='ltr'><strong><em>ἐνθυμοῦμαι</em></strong></span> <span class='ocrx_word' id='word_1_75' title='bbox 572 1244 604 1313; x_wconf 84' lang='grc' dir='ltr'><strong><em>δ’</em></strong></span> <span class='ocrx_word' id='word_1_76' title='bbox 627 1252 731 1334; x_wconf 77' lang='grc' dir='ltr'><strong><em>ἔγωγε</em></strong></span> <span class='ocrx_word' id='word_1_77' title='bbox 757 1255 792 1318; x_wconf 91' lang='grc' dir='ltr'><strong><em>τί</em></strong></span> <span class='ocrx_word' id='word_1_78' title='bbox 814 1249 857 1317; x_wconf 90' lang='grc' dir='ltr'><strong><em>άν</em></strong></span> <span class='ocrx_word' id='word_1_79' title='bbox 888 1278 968 1320; x_wconf 87' lang='grc' dir='ltr'><strong><em>ποτε</em></strong></span> <span class='ocrx_word' id='word_1_80' title='bbox 995 1260 1041 1332; x_wconf 86' lang='grc' dir='ltr'><strong><em>εἰς</em></strong></span> 
     </span>
     <span class='ocr_line' id='line_1_12' title="bbox 89 1341 1041 1436; baseline 0.003 -21"><span class='ocrx_word' id='word_1_81' title='bbox 89 1346 149 1434; x_wconf 84' lang='grc' dir='ltr'><strong><em>τὴν</em></strong></span> <span class='ocrx_word' id='word_1_82' title='bbox 160 1341 385 1431; x_wconf 76' lang='grc' dir='ltr'><strong><em>παραγραφὴν</em></strong></span> <span class='ocrx_word' id='word_1_83' title='bbox 403 1349 563 1430; x_wconf 76' lang='grc' dir='ltr'><strong><em>ἔγραψεν,</em></strong></span> <span class='ocrx_word' id='word_1_84' title='bbox 582 1349 614 1412; x_wconf 91' lang='grc' dir='ltr'><strong><em>εί</em></strong></span> <span class='ocrx_word' id='word_1_85' title='bbox 628 1342 646 1414; x_wconf 92' lang='grc' dir='ltr'><strong><em>ό</em></strong></span> <span class='ocrx_word' id='word_1_86' title='bbox 660 1345 824 1425; x_wconf 76' lang='grc' dir='ltr'><strong><em>Θεόδοτος</em></strong></span> <span class='ocrx_word' id='word_1_87' title='bbox 839 1344 971 1435; x_wconf 80' lang='grc' dir='ltr'><strong><em>ἀπέγνω</em></strong></span> <span class='ocrx_word' id='word_1_88' title='bbox 982 1359 1041 1436; x_wconf 81' lang='grc' dir='ltr'><strong><em>τῆς</em></strong></span> 
     </span>
     <span class='ocr_line' id='line_1_13' title="bbox 88 1442 1042 1534; baseline 0.002 -21"><span class='ocrx_word' id='word_1_89' title='bbox 88 1451 195 1531; x_wconf 88' lang='grc' dir='ltr'><strong><em>δίκης,</em></strong></span> <span class='ocrx_word' id='word_1_90' title='bbox 214 1442 300 1511; x_wconf 83' lang='grc' dir='ltr'><strong><em>ὅπου</em></strong></span> <span class='ocrx_word' id='word_1_91' title='bbox 317 1449 382 1509; x_wconf 80' lang='grc' dir='ltr'><strong><em>νῦν</em></strong></span> <span class='ocrx_word' id='word_1_92' title='bbox 398 1442 538 1527; x_wconf 87' lang='grc' dir='ltr'><strong><em>γνόντος</em></strong></span> <span class='ocrx_word' id='word_1_93' title='bbox 554 1451 617 1511; x_wconf 85' lang='grc' dir='ltr'><strong><em>τοῦ</em></strong></span> <span class='ocrx_word' id='word_1_94' title='bbox 628 1444 796 1513; x_wconf 86' lang='grc' dir='ltr'><strong><em>Θεοδότου</em></strong></span> <span class='ocrx_word' id='word_1_95' title='bbox 814 1443 945 1514; x_wconf 78' lang='grc' dir='ltr'><strong><em>ἀπιέναι</em></strong></span> <span class='ocrx_word' id='word_1_96' title='bbox 955 1447 1042 1534; x_wconf 83' lang='grc' dir='ltr'><strong><em>ἡμᾶς</em></strong></span> 
     </span>
     <span class='ocr_line' id='line_1_14' title="bbox 88 1539 1040 1633; baseline 0.003 -22"><span class='ocrx_word' id='word_1_97' title='bbox 88 1550 134 1622; x_wconf 87' lang='grc' dir='ltr'><strong><em>εἰς</em></strong></span> <span class='ocrx_word' id='word_1_98' title='bbox 144 1540 182 1612; x_wconf 83' lang='grc' dir='ltr'><strong><em>τό</em></strong></span> <span class='ocrx_word' id='word_1_99' title='bbox 194 1542 408 1629; x_wconf 84' lang='grc' dir='ltr'><strong><em>δικαστήριον</em></strong></span> <span class='ocrx_word' id='word_1_100' title='bbox 426 1539 468 1608; x_wconf 79' lang='grc' dir='ltr'><strong><em>οὔ</em></strong></span> <span class='ocrx_word' id='word_1_101' title='bbox 484 1561 566 1627; x_wconf 88' lang='grc' dir='ltr'><strong><em>φησι</em></strong></span> <span class='ocrx_word' id='word_1_102' title='bbox 581 1539 644 1628; x_wconf 82' lang='grc' dir='ltr'><strong><em>την</em></strong></span> <span class='ocrx_word' id='word_1_103' title='bbox 661 1548 758 1630; x_wconf 90' lang='grc' dir='ltr'><strong><em>δίκην</em></strong></span> <span class='ocrx_word' id='word_1_104' title='bbox 770 1543 854 1613; x_wconf 84' lang='grc' dir='ltr'><strong><em>εἰναι</em></strong></span> <span class='ocrx_word' id='word_1_105' title='bbox 864 1547 1040 1633; x_wconf 85' lang='grc' dir='ltr'><strong><em>είσαγιόγι-</em></strong></span> 
     </span>
     <span class='ocr_line' id='line_1_15' title="bbox 88 1637 1040 1733; baseline 0.003 -22"><span class='ocrx_word' id='word_1_106' title='bbox 88 1669 153 1729; x_wconf 93' lang='grc' dir='ltr'><strong><em>μον</em></strong></span> <span class='ocrx_word' id='word_1_107' title='bbox 164 1638 238 1726; x_wconf 90' lang='grc' dir='ltr'><strong><em>παρ’</em></strong></span> <span class='ocrx_word' id='word_1_108' title='bbox 248 1638 338 1728; x_wconf 90' lang='grc' dir='ltr'><strong><em>ὑμῖν,</em></strong></span> <span class='ocrx_word' id='word_1_109' title='bbox 347 1638 429 1727; x_wconf 85' lang='grc' dir='ltr'><strong><em>πρός</em></strong></span> <span class='ocrx_word' id='word_1_110' title='bbox 440 1637 500 1720; x_wconf 84' lang='grc' dir='ltr'><strong><em>οὑς</em></strong></span> <span class='ocrx_word' id='word_1_111' title='bbox 509 1642 632 1721; x_wconf 81' lang='grc' dir='ltr'><strong><em>ἐκεῖνος</em></strong></span> <span class='ocrx_word' id='word_1_112' title='bbox 642 1646 727 1728; x_wconf 80' lang='grc' dir='ltr'><strong><em>ἔγνω</em></strong></span> <span class='ocrx_word' id='word_1_113' title='bbox 739 1641 877 1712; x_wconf 87' lang='grc' dir='ltr'><strong><em>ἀπιέναι.</em></strong></span> <span class='ocrx_word' id='word_1_114' title='bbox 896 1646 1040 1733; x_wconf 88' lang='grc' dir='ltr'><strong><em>πάθοιμι</em></strong></span> 
     </span>
     <span class='ocr_line' id='line_1_16' title="bbox 87 1737 1115 1830; baseline 0.004 -22"><span class='ocrx_word' id='word_1_115' title='bbox 87 1737 211 1829; x_wconf 86' lang='grc' dir='ltr'><strong><em>μέντάν</em></strong></span> <span class='ocrx_word' id='word_1_116' title='bbox 227 1740 268 1808; x_wconf 87' lang='grc' dir='ltr'><strong><em>τά</em></strong></span> <span class='ocrx_word' id='word_1_117' title='bbox 287 1741 475 1826; x_wconf 87' lang='grc' dir='ltr'><strong><em>δεινότατα,</em></strong></span> <span class='ocrx_word' id='word_1_118' title='bbox 497 1746 529 1809; x_wconf 87' lang='grc' dir='ltr'><strong><em>εἰ</em></strong></span> <span class='ocrx_word' id='word_1_119' title='bbox 543 1744 653 1828; x_wconf 78' lang='grc' dir='ltr'><strong><em>οἱμὲν</em></strong></span> <span class='ocrx_word' id='word_1_120' title='bbox 669 1741 767 1827; x_wconf 93' lang='grc' dir='ltr'><strong><em>νόμοι</em></strong></span> <span class='ocrx_word' id='word_1_121' title='bbox 793 1751 862 1810; x_wconf 76' lang='grc' dir='ltr'><strong><em>τῶν</em></strong></span> <span class='ocrx_word' id='word_1_122' title='bbox 880 1741 1039 1830; x_wconf 80' lang='grc' dir='ltr'><strong><em>Ἀθήνησι</em></strong></span> <span class='ocrx_word' id='word_1_123' title='bbox 1111 1737 1115 1744; x_wconf 57' lang='grc'><strong>’</strong></span> 
     </span>
     <span class='ocr_line' id='line_1_17' title="bbox 88 1838 1039 1928; baseline 0.003 -20"><span class='ocrx_word' id='word_1_124' title='bbox 88 1845 300 1928; x_wconf 81' lang='grc' dir='ltr'><strong><em>συμβολαίων</em></strong></span> <span class='ocrx_word' id='word_1_125' title='bbox 310 1839 484 1908; x_wconf 83' lang='grc' dir='ltr'><strong><em>κελεύουσι</em></strong></span> <span class='ocrx_word' id='word_1_126' title='bbox 496 1838 554 1921; x_wconf 86' lang='grc' dir='ltr'><strong><em>τάς</em></strong></span> <span class='ocrx_word' id='word_1_127' title='bbox 571 1845 663 1921; x_wconf 89' lang='grc' dir='ltr'><strong><em>δίκας</em></strong></span> <span class='ocrx_word' id='word_1_128' title='bbox 679 1840 765 1910; x_wconf 83' lang='grc' dir='ltr'><strong><em>εἶναι</em></strong></span> <span class='ocrx_word' id='word_1_129' title='bbox 781 1839 864 1926; x_wconf 86' lang='grc' dir='ltr'><strong><em>πρός</em></strong></span> <span class='ocrx_word' id='word_1_130' title='bbox 882 1840 960 1922; x_wconf 88' lang='grc' dir='ltr'><strong><em>τοὺς</em></strong></span> <span class='ocrx_word' id='word_1_131' title='bbox 977 1853 1039 1912; x_wconf 90' lang='grc' dir='ltr'><strong><em>θε-</em></strong></span> 
     </span>
     <span class='ocr_line' id='line_1_18' title="bbox 88 1935 1039 2029; baseline 0.004 -22"><span class='ocrx_word' id='word_1_132' title='bbox 88 1941 268 2025; x_wconf 85' lang='grc' dir='ltr'><strong><em>σμοθέτας,</em></strong></span> <span class='ocrx_word' id='word_1_133' title='bbox 289 1935 382 2025; x_wconf 82' lang='grc' dir='ltr'><strong><em>ὑμεῖς</em></strong></span> <span class='ocrx_word' id='word_1_134' title='bbox 394 1935 425 2006; x_wconf 87' lang='grc' dir='ltr'><strong><em>δ’</em></strong></span> <span class='ocrx_word' id='word_1_135' title='bbox 445 1937 643 2027; x_wconf 88' lang='grc' dir='ltr'><strong><em>ἀπογνοίητε</em></strong></span> <span class='ocrx_word' id='word_1_136' title='bbox 654 1948 712 2028; x_wconf 81' lang='grc' dir='ltr'><strong><em>τῆς</em></strong></span> <span class='ocrx_word' id='word_1_137' title='bbox 723 1945 815 2029; x_wconf 89' lang='grc' dir='ltr'><strong><em>δίκης</em></strong></span> <span class='ocrx_word' id='word_1_138' title='bbox 826 1939 1039 2029; x_wconf 84' lang='grc' dir='ltr'><strong><em>ὀμωμοκότες</em></strong></span> 
     </span>
     <span class='ocr_line' id='line_1_19' title="bbox 87 2036 611 2126; baseline 0.002 -19"><span class='ocrx_word' id='word_1_139' title='bbox 87 2036 169 2107; x_wconf 89' lang='grc' dir='ltr'><strong><em>κατά</em></strong></span> <span class='ocrx_word' id='word_1_140' title='bbox 181 2037 259 2118; x_wconf 80' lang='grc' dir='ltr'><strong><em>τούς</em></strong></span> <span class='ocrx_word' id='word_1_141' title='bbox 269 2039 394 2126; x_wconf 91' lang='grc' dir='ltr'><strong><em>νόμους</em></strong></span> <span class='ocrx_word' id='word_1_142' title='bbox 404 2050 611 2126; x_wconf 77' lang='grc' dir='ltr'><strong><em>ψηφιεῖσθαι.</em></strong></span> 
     </span>
    </p>

    <p class='ocr_par' dir='ltr' id='par_1_5' title="bbox 44 2131 1096 3518">
     <span class='ocr_line' id='line_1_20' title="bbox 44 2131 1038 2225; baseline -0.004 -16"><span class='ocrx_word' id='word_1_143' title='bbox 44 2153 77 2209; x_wconf 72' lang='lat'><strong><em>46</em></strong></span> <span class='ocrx_word' id='word_1_144' title='bbox 173 2146 243 2206; x_wconf 83' lang='grc' dir='ltr'><strong><em>Τοῦ</em></strong></span> <span class='ocrx_word' id='word_1_145' title='bbox 252 2138 315 2224; x_wconf 73' lang='grc' dir='ltr'><strong><em>μὲν</em></strong></span> <span class='ocrx_word' id='word_1_146' title='bbox 326 2131 390 2207; x_wconf 85' lang='grc' dir='ltr'><strong><em>οὑν</em></strong></span> <span class='ocrx_word' id='word_1_147' title='bbox 400 2142 549 2206; x_wconf 87' lang='grc' dir='ltr'><strong><em>δανεῖσαι</em></strong></span> <span class='ocrx_word' id='word_1_148' title='bbox 558 2137 643 2225; x_wconf 81' lang='grc' dir='ltr'><strong><em>ἡμᾶς</em></strong></span> <span class='ocrx_word' id='word_1_149' title='bbox 653 2136 693 2207; x_wconf 87' lang='grc' dir='ltr'><strong><em>τά</em></strong></span> <span class='ocrx_word' id='word_1_150' title='bbox 703 2140 852 2225; x_wconf 84' lang='grc' dir='ltr'><strong><em>χρήματα</em></strong></span> <span class='ocrx_word' id='word_1_151' title='bbox 864 2145 942 2208; x_wconf 84' lang='grc' dir='ltr'><strong><em>αἵτε</em></strong></span> <span class='ocrx_word' id='word_1_152' title='bbox 954 2160 1038 2206; x_wconf 89' lang='grc' dir='ltr'><strong><em>συν-</em></strong></span> 
     </span>
     <span class='ocr_line' id='line_1_21' title="bbox 87 2229 1038 2324; baseline -0.003 -19"><span class='ocrx_word' id='word_1_153' title='bbox 87 2248 192 2324; x_wconf 80' lang='grc' dir='ltr'><strong><em>θῆκαι</em></strong></span> <span class='ocrx_word' id='word_1_154' title='bbox 210 2240 265 2304; x_wconf 88' lang='grc' dir='ltr'><strong><em>καί</em></strong></span> <span class='ocrx_word' id='word_1_155' title='bbox 282 2233 384 2314; x_wconf 83' lang='grc' dir='ltr'><strong><em>αὑτός</em></strong></span> <span class='ocrx_word' id='word_1_156' title='bbox 394 2229 494 2315; x_wconf 87' lang='grc' dir='ltr'><strong><em>οὑτός</em></strong></span> <span class='ocrx_word' id='word_1_157' title='bbox 504 2240 572 2304; x_wconf 81' lang='grc' dir='ltr'><strong><em>ἐστι</em></strong></span> <span class='ocrx_word' id='word_1_158' title='bbox 583 2237 722 2323; x_wconf 79' lang='grc' dir='ltr'><strong><em>μάρτυς·</em></strong></span> <span class='ocrx_word' id='word_1_159' title='bbox 744 2245 807 2304; x_wconf 84' lang='grc' dir='ltr'><strong><em>τοῦ</em></strong></span> <span class='ocrx_word' id='word_1_160' title='bbox 819 2235 851 2304; x_wconf 91' lang='grc' dir='ltr'><strong><em>δ’</em></strong></span> <span class='ocrx_word' id='word_1_161' title='bbox 865 2234 1038 2304; x_wconf 87' lang='grc' dir='ltr'><strong><em>ἀποδεδω-</em></strong></span> 
     </span>
     <span class='ocr_line' id='line_1_22' title="bbox 87 2331 1038 2422; baseline -0.001 -19"><span class='ocrx_word' id='word_1_162' title='bbox 87 2338 179 2404; x_wconf 85' lang='grc' dir='ltr'><strong><em>κέναι</em></strong></span> <span class='ocrx_word' id='word_1_163' title='bbox 190 2331 300 2412; x_wconf 85' lang='grc' dir='ltr'><strong><em>οὑδείς</em></strong></span> <span class='ocrx_word' id='word_1_164' title='bbox 311 2337 380 2402; x_wconf 78' lang='grc' dir='ltr'><strong><em>ἐστι</em></strong></span> <span class='ocrx_word' id='word_1_165' title='bbox 389 2334 516 2419; x_wconf 89' lang='grc' dir='ltr'><strong><em>μάρτυς</em></strong></span> <span class='ocrx_word' id='word_1_166' title='bbox 527 2339 587 2414; x_wconf 73' lang='grc' dir='ltr'><strong><em>ἐξω</em></strong></span> <span class='ocrx_word' id='word_1_167' title='bbox 603 2343 666 2403; x_wconf 77' lang='grc' dir='ltr'><strong><em>τοῦ</em></strong></span> <span class='ocrx_word' id='word_1_168' title='bbox 676 2336 848 2422; x_wconf 79' lang='grc' dir='ltr'><strong><em>Λάμπιδος</em></strong></span> <span class='ocrx_word' id='word_1_169' title='bbox 858 2343 921 2403; x_wconf 81' lang='grc' dir='ltr'><strong><em>τοῦ</em></strong></span> <span class='ocrx_word' id='word_1_170' title='bbox 930 2356 1038 2403; x_wconf 83' lang='grc' dir='ltr'><strong><em>συνα-</em></strong></span> 
     </span>
     <span class='ocr_line' id='line_1_23' title="bbox 87 2423 1038 2520; baseline -0.002 -16"><span class='ocrx_word' id='word_1_171' title='bbox 87 2441 271 2512; x_wconf 83' lang='grc' dir='ltr'><strong><em>δικοῦντος..</em></strong></span> <span class='ocrx_word' id='word_1_172' title='bbox 297 2433 352 2500; x_wconf 83' lang='grc' dir='ltr'><strong><em>καί</em></strong></span> <span class='ocrx_word' id='word_1_173' title='bbox 370 2423 468 2512; x_wconf 84' lang='grc' dir='ltr'><strong><em>οὑτος</em></strong></span> <span class='ocrx_word' id='word_1_174' title='bbox 484 2431 546 2518; x_wconf 71' lang='grc' dir='ltr'><strong><em>μὲν</em></strong></span> <span class='ocrx_word' id='word_1_175' title='bbox 563 2437 609 2512; x_wconf 88' lang='grc' dir='ltr'><strong><em>εἰς</em></strong></span> <span class='ocrx_word' id='word_1_176' title='bbox 621 2437 749 2501; x_wconf 81' lang='grc' dir='ltr'><strong><em>ἐκεῖνον</em></strong></span> <span class='ocrx_word' id='word_1_177' title='bbox 758 2433 867 2519; x_wconf 92' lang='grc' dir='ltr'><strong><em>μόνον</em></strong></span> <span class='ocrx_word' id='word_1_178' title='bbox 878 2430 1038 2520; x_wconf 79' lang='grc' dir='ltr'><strong><em>ἀναφέρει</em></strong></span> 
     </span>
     <span class='ocr_line' id='line_1_24' title="bbox 86 2529 1038 2622; baseline -0.003 -20"><span class='ocrx_word' id='word_1_179' title='bbox 86 2534 147 2622; x_wconf 78' lang='grc' dir='ltr'><strong><em>τὴν</em></strong></span> <span class='ocrx_word' id='word_1_180' title='bbox 158 2532 332 2620; x_wconf 84' lang='grc' dir='ltr'><strong><em>ἀπόδοσιν,</em></strong></span> <span class='ocrx_word' id='word_1_181' title='bbox 344 2532 407 2618; x_wconf 74' lang='grc' dir='ltr'><strong><em>ἐγώ</em></strong></span> <span class='ocrx_word' id='word_1_182' title='bbox 420 2529 452 2600; x_wconf 87' lang='grc' dir='ltr'><strong><em>δ’</em></strong></span> <span class='ocrx_word' id='word_1_183' title='bbox 461 2542 507 2612; x_wconf 85' lang='grc' dir='ltr'><strong><em>είς</em></strong></span> <span class='ocrx_word' id='word_1_184' title='bbox 517 2558 551 2601; x_wconf 88' lang='grc' dir='ltr'><strong><em>τε</em></strong></span> <span class='ocrx_word' id='word_1_185' title='bbox 562 2530 765 2620; x_wconf 86' lang='grc' dir='ltr'><strong><em>τόνΛάμπιν</em></strong></span> <span class='ocrx_word' id='word_1_186' title='bbox 775 2529 881 2600; x_wconf 84' lang='grc' dir='ltr'><strong><em>αὑτόν</em></strong></span> <span class='ocrx_word' id='word_1_187' title='bbox 892 2537 947 2601; x_wconf 89' lang='grc' dir='ltr'><strong><em>καί</em></strong></span> <span class='ocrx_word' id='word_1_188' title='bbox 958 2532 1038 2612; x_wconf 86' lang='grc' dir='ltr'><strong><em>τοὺς</em></strong></span> 
     </span>
     <span class='ocr_line' id='line_1_25' title="bbox 85 2628 1038 2718; baseline -0.003 -17"><span class='ocrx_word' id='word_1_189' title='bbox 85 2633 293 2713; x_wconf 81' lang='grc' dir='ltr'><strong><em>ἀκούσαντας</em></strong></span> <span class='ocrx_word' id='word_1_190' title='bbox 309 2631 416 2701; x_wconf 81' lang='grc' dir='ltr'><strong><em>αὑτοῦ</em></strong></span> <span class='ocrx_word' id='word_1_191' title='bbox 430 2629 482 2702; x_wconf 86' lang='grc' dir='ltr'><strong><em>ότι</em></strong></span> <span class='ocrx_word' id='word_1_192' title='bbox 500 2629 563 2700; x_wconf 82' lang='grc' dir='ltr'><strong><em>οὐκ</em></strong></span> <span class='ocrx_word' id='word_1_193' title='bbox 581 2638 645 2718; x_wconf 81' lang='grc' dir='ltr'><strong><em>ἔφη</em></strong></span> <span class='ocrx_word' id='word_1_194' title='bbox 663 2630 881 2717; x_wconf 82' lang='grc' dir='ltr'><strong><em>ἀπειληφέναι</em></strong></span> <span class='ocrx_word' id='word_1_195' title='bbox 897 2628 935 2699; x_wconf 84' lang='grc' dir='ltr'><strong><em>τό</em></strong></span> <span class='ocrx_word' id='word_1_196' title='bbox 954 2658 1038 2717; x_wconf 83' lang='grc' dir='ltr'><strong><em>χρυ-</em></strong></span> 
     </span>
     <span class='ocr_line' id='line_1_26' title="bbox 86 2724 1038 2824; baseline -0.003 -23"><span class='ocrx_word' id='word_1_197' title='bbox 86 2741 167 2802; x_wconf 88' lang='grc' dir='ltr'><strong><em>σίον.</em></strong></span> <span class='ocrx_word' id='word_1_198' title='bbox 190 2732 297 2824; x_wconf 76' lang='grc' dir='ltr'><strong><em>τούτῳ</em></strong></span> <span class='ocrx_word' id='word_1_199' title='bbox 309 2732 371 2819; x_wconf 71' lang='grc' dir='ltr'><strong><em>μὲν</em></strong></span> <span class='ocrx_word' id='word_1_200' title='bbox 382 2724 446 2800; x_wconf 82' lang='grc' dir='ltr'><strong><em>οὑν</em></strong></span> <span class='ocrx_word' id='word_1_201' title='bbox 462 2729 541 2812; x_wconf 85' lang='grc' dir='ltr'><strong><em>τούς</em></strong></span> <span class='ocrx_word' id='word_1_202' title='bbox 558 2728 658 2819; x_wconf 83' lang='grc' dir='ltr'><strong><em>ἐμοὺς</em></strong></span> <span class='ocrx_word' id='word_1_203' title='bbox 668 2732 839 2819; x_wconf 89' lang='grc' dir='ltr'><strong><em>μάρτυρας</em></strong></span> <span class='ocrx_word' id='word_1_204' title='bbox 849 2735 951 2811; x_wconf 77' lang='grc' dir='ltr'><strong><em>ἔξεστι</em></strong></span> <span class='ocrx_word' id='word_1_205' title='bbox 963 2739 1038 2816; x_wconf 87' lang='grc' dir='ltr'><strong><em>κρί-</em></strong></span> 
     </span>
     <span class='ocr_line' id='line_1_27' title="bbox 85 2826 1034 2919; baseline -0.003 -20"><span class='ocrx_word' id='word_1_206' title='bbox 85 2858 173 2916; x_wconf 90' lang='grc' dir='ltr'><strong><em>νειν,</em></strong></span> <span class='ocrx_word' id='word_1_207' title='bbox 196 2838 226 2901; x_wconf 89' lang='grc' dir='ltr'><strong><em>εἰ</em></strong></span> <span class='ocrx_word' id='word_1_208' title='bbox 241 2831 286 2919; x_wconf 86' lang='grc' dir='ltr'><strong><em>μή</em></strong></span> <span class='ocrx_word' id='word_1_209' title='bbox 304 2852 386 2919; x_wconf 91' lang='grc' dir='ltr'><strong><em>φησι</em></strong></span> <span class='ocrx_word' id='word_1_210' title='bbox 405 2828 536 2918; x_wconf 80' lang='grc' dir='ltr'><strong><em>τάληθῆ</em></strong></span> <span class='ocrx_word' id='word_1_211' title='bbox 553 2843 733 2918; x_wconf 85' lang='grc' dir='ltr'><strong><em>μαρτυρεῖν</em></strong></span> <span class='ocrx_word' id='word_1_212' title='bbox 750 2827 887 2908; x_wconf 81' lang='grc' dir='ltr'><strong><em>αὐτούς·</em></strong></span> <span class='ocrx_word' id='word_1_213' title='bbox 915 2826 980 2915; x_wconf 72' lang='grc' dir='ltr'><strong><em>ἐγώ</em></strong></span> <span class='ocrx_word' id='word_1_214' title='bbox 1002 2827 1034 2896; x_wconf 88' lang='grc' dir='ltr'><strong><em>δ’</em></strong></span> 
     </span>
     <span class='ocr_line' id='line_1_28' title="bbox 85 2927 1096 3017; baseline -0.003 -20"><span class='ocrx_word' id='word_1_215' title='bbox 85 2927 147 2998; x_wconf 82' lang='grc' dir='ltr'><strong><em>οὐκ</em></strong></span> <span class='ocrx_word' id='word_1_216' title='bbox 160 2935 222 3016; x_wconf 78' lang='grc' dir='ltr'><strong><em>ἔχω</em></strong></span> <span class='ocrx_word' id='word_1_217' title='bbox 235 2937 268 2996; x_wconf 91' lang='grc' dir='ltr'><strong><em>τί</em></strong></span> <span class='ocrx_word' id='word_1_218' title='bbox 278 2930 450 3017; x_wconf 82' lang='grc' dir='ltr'><strong><em>χρήσωμαι</em></strong></span> <span class='ocrx_word' id='word_1_219' title='bbox 459 2943 528 3009; x_wconf 88' lang='grc' dir='ltr'><strong><em>τοῖς</em></strong></span> <span class='ocrx_word' id='word_1_220' title='bbox 543 2930 667 2998; x_wconf 84' lang='grc' dir='ltr'><strong><em>τούτου</em></strong></span> <span class='ocrx_word' id='word_1_221' title='bbox 680 2929 862 3016; x_wconf 91' lang='grc' dir='ltr'><strong><em>μάρτυσιν,</em></strong></span> <span class='ocrx_word' id='word_1_222' title='bbox 884 2931 918 2995; x_wconf 77' lang='grc' dir='ltr'><strong><em>οἵ</em></strong></span> <span class='ocrx_word' id='word_1_223' title='bbox 933 2947 1037 3012; x_wconf 90' lang='grc' dir='ltr'><strong><em>φασιν</em></strong></span> <span class='ocrx_word' id='word_1_224' title='bbox 1046 2946 1096 3008; x_wconf 73' lang='lat'><strong><em>921</em></strong></span> 
     </span>
     <span class='ocr_line' id='line_1_29' title="bbox 85 3026 1037 3116; baseline -0.003 -21"><span class='ocrx_word' id='word_1_225' title='bbox 85 3031 206 3097; x_wconf 84' lang='grc' dir='ltr'><strong><em>εἰδέναι</em></strong></span> <span class='ocrx_word' id='word_1_226' title='bbox 216 3026 276 3096; x_wconf 88' lang='grc' dir='ltr'><strong><em>τόν</em></strong></span> <span class='ocrx_word' id='word_1_227' title='bbox 286 3030 423 3116; x_wconf 89' lang='grc' dir='ltr'><strong><em>Λάμπιν</em></strong></span> <span class='ocrx_word' id='word_1_228' title='bbox 429 3038 664 3116; x_wconf 83' lang='grc' dir='ltr'><strong><em>μαρτυροῦντα</em></strong></span> <span class='ocrx_word' id='word_1_229' title='bbox 675 3027 894 3114; x_wconf 89' lang='grc' dir='ltr'><strong><em>ἀπειληφέναι</em></strong></span> <span class='ocrx_word' id='word_1_230' title='bbox 904 3026 941 3094; x_wconf 85' lang='grc' dir='ltr'><strong><em>τό</em></strong></span> <span class='ocrx_word' id='word_1_231' title='bbox 954 3053 1037 3112; x_wconf 88' lang='grc' dir='ltr'><strong><em>χρυ-</em></strong></span> 
     </span>
     <span class='ocr_line' id='line_1_30' title="bbox 83 3125 1036 3216; baseline -0.005 -20"><span class='ocrx_word' id='word_1_232' title='bbox 83 3134 166 3196; x_wconf 88' lang='grc' dir='ltr'><strong><em>σίον.</em></strong></span> <span class='ocrx_word' id='word_1_233' title='bbox 191 3134 221 3195; x_wconf 85' lang='grc' dir='ltr'><strong><em>εἰ</em></strong></span> <span class='ocrx_word' id='word_1_234' title='bbox 229 3128 290 3214; x_wconf 76' lang='grc' dir='ltr'><strong><em>μὲν</em></strong></span> <span class='ocrx_word' id='word_1_235' title='bbox 304 3128 367 3214; x_wconf 85' lang='grc' dir='ltr'><strong><em>γάρ</em></strong></span> <span class='ocrx_word' id='word_1_236' title='bbox 379 3129 399 3216; x_wconf 80' lang='grc' dir='ltr'><em>ἡ</em></span> <span class='ocrx_word' id='word_1_237' title='bbox 411 3126 606 3216; x_wconf 84' lang='grc' dir='ltr'><strong><em>μαρτυρίαὴ</em></strong></span> <span class='ocrx_word' id='word_1_238' title='bbox 620 3136 682 3196; x_wconf 82' lang='grc' dir='ltr'><strong><em>τοῦ</em></strong></span> <span class='ocrx_word' id='word_1_239' title='bbox 691 3127 863 3213; x_wconf 86' lang='grc' dir='ltr'><strong><em>Λάμπιδος</em></strong></span> <span class='ocrx_word' id='word_1_240' title='bbox 873 3125 1036 3213; x_wconf 78' lang='grc' dir='ltr'><strong><em>κατεβάλ-</em></strong></span> 
     </span>
     <span class='ocr_line' id='line_1_31' title="bbox 83 3218 1036 3315; baseline -0.003 -21"><span class='ocrx_word' id='word_1_241' title='bbox 83 3233 156 3295; x_wconf 88' lang='grc' dir='ltr'><strong><em>λετο</em></strong></span> <span class='ocrx_word' id='word_1_242' title='bbox 169 3222 313 3313; x_wconf 82' lang='grc' dir='ltr'><strong><em>ἐνταῦθ’,</em></strong></span> <span class='ocrx_word' id='word_1_243' title='bbox 327 3235 404 3308; x_wconf 86' lang='grc' dir='ltr'><strong><em>ἰσως</em></strong></span> <span class='ocrx_word' id='word_1_244' title='bbox 416 3224 459 3296; x_wconf 86' lang='grc' dir='ltr'><strong><em>ἀν</em></strong></span> <span class='ocrx_word' id='word_1_245' title='bbox 471 3235 601 3315; x_wconf 80' lang='grc' dir='ltr'><strong><em>ἔφασαν</em></strong></span> <span class='ocrx_word' id='word_1_246' title='bbox 612 3218 705 3295; x_wconf 90' lang='grc' dir='ltr'><strong><em>οὑτοι</em></strong></span> <span class='ocrx_word' id='word_1_247' title='bbox 720 3231 849 3296; x_wconf 86' lang='grc' dir='ltr'><strong><em>δίκαιον</em></strong></span> <span class='ocrx_word' id='word_1_248' title='bbox 860 3225 944 3294; x_wconf 84' lang='grc' dir='ltr'><strong><em>εἶναι</em></strong></span> <span class='ocrx_word' id='word_1_249' title='bbox 965 3229 1036 3292; x_wconf 85' lang='grc' dir='ltr'><strong><em>έπι-</em></strong></span> 
     </span>
     <span class='ocr_line' id='line_1_32' title="bbox 82 3323 1036 3420; baseline 0 -28"><span class='ocrx_word' id='word_1_250' title='bbox 82 3326 291 3420; x_wconf 80' lang='grc' dir='ltr'><strong><em>σπη’πτεσθαί</em></strong></span> <span class='ocrx_word' id='word_1_251' title='bbox 297 3323 326 3412; x_wconf 92' lang='grc' dir='ltr'><strong><em>μ’</em></strong></span> <span class='ocrx_word' id='word_1_252' title='bbox 337 3328 449 3418; x_wconf 78' lang='grc' dir='ltr'><strong><em>ἐκείνῳ</em></strong></span> <span class='ocrx_word' id='word_1_253' title='bbox 459 3356 466 3370; x_wconf 89' lang='grc'><em>·</em></span> <span class='ocrx_word' id='word_1_254' title='bbox 478 3337 544 3397; x_wconf 78' lang='grc' dir='ltr'><strong><em>νῦν</em></strong></span> <span class='ocrx_word' id='word_1_255' title='bbox 555 3326 586 3395; x_wconf 88' lang='grc' dir='ltr'><strong><em>δ’</em></strong></span> <span class='ocrx_word' id='word_1_256' title='bbox 597 3326 673 3395; x_wconf 77' lang='grc' dir='ltr'><strong><em>οὔτε</em></strong></span> <span class='ocrx_word' id='word_1_257' title='bbox 684 3325 747 3414; x_wconf 80' lang='grc' dir='ltr'><strong><em>την</em></strong></span> <span class='ocrx_word' id='word_1_258' title='bbox 757 3333 943 3414; x_wconf 89' lang='grc' dir='ltr'><strong><em>μαρτυρίαν</em></strong></span> <span class='ocrx_word' id='word_1_259' title='bbox 953 3325 1036 3394; x_wconf 80' lang='grc' dir='ltr'><strong><em>καό-</em></strong></span> 
     </span>
     <span class='ocr_line' id='line_1_33' title="bbox 81 3421 1039 3518; baseline -0.001 -24"><span class='ocrx_word' id='word_1_260' title='bbox 81 3450 143 3513; x_wconf 85' lang='grc' dir='ltr'><strong><em>την</em></strong></span> <span class='ocrx_word' id='word_1_261' title='bbox 152 3429 232 3511; x_wconf 83' lang='grc' dir='ltr'><strong><em>ἔχω,</em></strong></span> <span class='ocrx_word' id='word_1_262' title='bbox 254 3421 371 3492; x_wconf 90' lang='grc' dir='ltr'><strong><em>οὑτοσί</em></strong></span> <span class='ocrx_word' id='word_1_263' title='bbox 384 3453 419 3494; x_wconf 91' lang='grc' dir='ltr'><strong><em>τε</em></strong></span> <span class='ocrx_word' id='word_1_264' title='bbox 436 3437 539 3496; x_wconf 86' lang='grc' dir='ltr'><strong><em>οίεται</em></strong></span> <span class='ocrx_word' id='word_1_265' title='bbox 557 3432 628 3496; x_wconf 87' lang='grc' dir='ltr'><strong><em>δεῖν</em></strong></span> <span class='ocrx_word' id='word_1_266' title='bbox 646 3423 759 3518; x_wconf 77' lang='grc' dir='ltr'><strong><em>ἀθῷος</em></strong></span> <span class='ocrx_word' id='word_1_267' title='bbox 771 3425 854 3496; x_wconf 83' lang='grc' dir='ltr'><strong><em>εἶναι</em></strong></span> <span class='ocrx_word' id='word_1_268' title='bbox 865 3425 966 3496; x_wconf 70' lang='grc' dir='ltr'><strong><em>οὐδὲν</em></strong></span> <span class='ocrx_word' id='word_1_269' title='bbox 977 3428 1039 3515; x_wconf 69' lang='grc' dir='ltr'><strong><em>βέ-</em></strong></span> 
     </span>
    </p>

    <p class='ocr_par' dir='ltr' id='par_1_6' title="bbox 127 3521 884 3581">
     <span class='ocr_line' id='line_1_34' title="bbox 127 3521 884 3581; baseline 0.013 -11"><span class='ocrx_word' id='word_1_270' title='bbox 127 3521 261 3576; x_wconf 80' lang='grc' dir='ltr'><strong><em>ὓεωοεείι.</em></strong></span> <span class='ocrx_word' id='word_1_271' title='bbox 283 3521 341 3578; x_wconf 75' lang='lat' dir='ltr'><strong>vol.</strong></span> <span class='ocrx_word' id='word_1_272' title='bbox 353 3522 389 3580; x_wconf 83' lang='lat'><strong><em>11.</em></strong></span> <span class='ocrx_word' id='word_1_273' title='bbox 848 3525 884 3581; x_wconf 75' lang='lat'><strong><em>26</em></strong></span> 
     </span>
    </p>
   </div>
   <div class='ocr_carea' id='block_1_3' title="bbox 0 0 1190 3854">
    <p class='ocr_par' dir='ltr' id='par_1_7' title="bbox 0 0 1190 3854">
     <span class='ocr_line' id='line_1_35' title="bbox 0 0 1190 3854; baseline 0 1"><span class='ocrx_word' id='word_1_274' title='bbox 0 0 1190 3854; x_wconf 95' lang='lat' dir='ltr'><strong><em> </em></strong></span> 
     </span>
    </p>
   </div>
  </div>
 </body>
</html>
