<?xml version="1.0" encoding="UTF-8"?>
<!DOCTYPE html PUBLIC "-//W3C//DTD XHTML 1.0 Transitional//EN"
    "http://www.w3.org/TR/xhtml1/DTD/xhtml1-transitional.dtd">
<html xmlns="http://www.w3.org/1999/xhtml" xml:lang="en" lang="en">
 <head>
  <title>
</title>
<meta http-equiv="Content-Type" content="text/html;charset=utf-8" />
  <meta name='ocr-system' content='tesseract 3.04.00' />
  <meta name='ocr-capabilities' content='ocr_page ocr_carea ocr_par ocr_line ocrx_word'/>
</head>
<body>
  <div class='ocr_page' id='page_1' title='image "./orationesexrece01demogoog_0204.png"; bbox 0 0 2370 3854; ppageno 0'>
   <div class='ocr_carea' id='block_1_1' title="bbox 259 244 1040 326">
    <p class='ocr_par' dir='ltr' id='par_1_1' title="bbox 259 244 1040 326">
     <span class='ocr_line' id='line_1_1' title="bbox 259 244 1040 326; baseline 0.005 -19"><span class='ocrx_word' id='word_1_1' title='bbox 259 245 396 307; x_wconf 74' lang='grc' dir='ltr'><em>ΚΑΤΑ</em></span> <span class='ocrx_word' id='word_1_2' title='bbox 417 244 885 326; x_wconf 70' lang='grc' dir='ltr'><em>ΑΡΙΣΤΟΚΡΑΤΟΥΣ.</em></span> <span class='ocrx_word' id='word_1_3' title='bbox 979 248 1040 311; x_wconf 80' lang='grc'><strong><em>195</em></strong></span> 
     </span>
    </p>
   </div>
   <div class='ocr_carea' id='block_1_2' title="bbox 29 403 1096 3457">
    <p class='ocr_par' dir='ltr' id='par_1_2' title="bbox 29 403 1096 3457">
     <span class='ocr_line' id='line_1_2' title="bbox 82 403 1041 501; baseline 0.002 -25"><span class='ocrx_word' id='word_1_4' title='bbox 82 412 346 495; x_wconf 67' lang='grc' dir='ltr'><strong><em>συστραφέντων</em></strong></span> <span class='ocrx_word' id='word_1_5' title='bbox 357 411 417 472; x_wconf 86' lang='grc' dir='ltr'><strong><em>τοῦ</em></strong></span> <span class='ocrx_word' id='word_1_6' title='bbox 434 429 469 471; x_wconf 90' lang='grc' dir='ltr'><strong><em>τε</em></strong></span> <span class='ocrx_word' id='word_1_7' title='bbox 486 403 678 501; x_wconf 75' lang='grc' dir='ltr'><em>Βηρισάδου</em></span> <span class='ocrx_word' id='word_1_8' title='bbox 695 407 752 474; x_wconf 82' lang='grc' dir='ltr'><strong><em>καὶ</em></strong></span> <span class='ocrx_word' id='word_1_9' title='bbox 768 413 829 473; x_wconf 87' lang='grc' dir='ltr'><strong><em>τοῦ</em></strong></span> <span class='ocrx_word' id='word_1_10' title='bbox 845 405 1041 498; x_wconf 75' lang='grc' dir='ltr'><strong><em>Ἀμαδόκου,</em></strong></span> 
     </span>
     <span class='ocr_line' id='line_1_3' title="bbox 83 498 1042 596; baseline -0.003 -18"><span class='ocrx_word' id='word_1_11' title='bbox 83 498 1042 596; x_wconf 80' lang='grc' dir='ltr'><strong><em>ίδῶυτδνκαιρόυτούτουἈθηνόδωρος,συμμαχίανποιη·</em></strong></span> 
     </span>
     <span class='ocr_line' id='line_1_4' title="bbox 83 595 1040 695; baseline 0.001 -21"><span class='ocrx_word' id='word_1_12' title='bbox 83 607 227 694; x_wconf 84' lang='grc' dir='ltr'><strong><em>σόμενος</em></strong></span> <span class='ocrx_word' id='word_1_13' title='bbox 247 601 331 691; x_wconf 84' lang='grc' dir='ltr'><strong><em>πρός</em></strong></span> <span class='ocrx_word' id='word_1_14' title='bbox 349 601 489 678; x_wconf 81' lang='grc' dir='ltr'><em>τούτους</em></span> <span class='ocrx_word' id='word_1_15' title='bbox 505 597 575 680; x_wconf 81' lang='grc' dir='ltr'><strong><em>ολός</em></strong></span> <span class='ocrx_word' id='word_1_16' title='bbox 592 600 623 669; x_wconf 90' lang='grc' dir='ltr'><strong><em>τ’</em></strong></span> <span class='ocrx_word' id='word_1_17' title='bbox 634 595 680 688; x_wconf 86' lang='grc' dir='ltr'><strong><em>ήν</em></strong></span> <span class='ocrx_word' id='word_1_18' title='bbox 697 610 861 689; x_wconf 87' lang='grc' dir='ltr'><strong><em>πολεμεῖν.</em></strong></span> <span class='ocrx_word' id='word_1_19' title='bbox 895 608 932 674; x_wconf 86' lang='grc' dir='ltr'><strong><em>έν</em></strong></span> <span class='ocrx_word' id='word_1_20' title='bbox 944 607 1040 695; x_wconf 85' lang='grc' dir='ltr'><strong><em>φόβφ</em></strong></span> 
     </span>
     <span class='ocr_line' id='line_1_5' title="bbox 83 700 1041 791; baseline -0.001 -18"><span class='ocrx_word' id='word_1_21' title='bbox 83 705 120 773; x_wconf 68' lang='grc' dir='ltr'><strong><em>δέ</em></strong></span> <span class='ocrx_word' id='word_1_22' title='bbox 131 703 356 781; x_wconf 79' lang='grc' dir='ltr'><strong><em>καταστάντος</em></strong></span> <span class='ocrx_word' id='word_1_23' title='bbox 373 708 435 768; x_wconf 81' lang='grc' dir='ltr'><strong><em>τοῦ</em></strong></span> <span class='ocrx_word' id='word_1_24' title='bbox 451 702 709 786; x_wconf 76' lang='grc' dir='ltr'><strong><em>Κερσοβλέπτου</em></strong></span> <span class='ocrx_word' id='word_1_25' title='bbox 725 703 849 789; x_wconf 88' lang='grc' dir='ltr'><strong><em>γρόφει</em></strong></span> <span class='ocrx_word' id='word_1_26' title='bbox 865 700 882 771; x_wconf 93' lang='grc' dir='ltr'>ὁ</span> <span class='ocrx_word' id='word_1_27' title='bbox 898 700 1041 791; x_wconf 86' lang='grc' dir='ltr'><strong><em>Ἀθηνό-</em></strong></span> 
     </span>
     <span class='ocr_line' id='line_1_6' title="bbox 82 795 1041 889; baseline -0.004 -17"><span class='ocrx_word' id='word_1_28' title='bbox 82 808 191 888; x_wconf 89' lang='grc' dir='ltr'><strong><em>δωρος</em></strong></span> <span class='ocrx_word' id='word_1_29' title='bbox 202 799 386 888; x_wconf 86' lang='grc' dir='ltr'><strong><em>συνθήκας,</em></strong></span> <span class='ocrx_word' id='word_1_30' title='bbox 394 795 470 869; x_wconf 85' lang='grc' dir='ltr'><strong><em>καθ’</em></strong></span> <span class='ocrx_word' id='word_1_31' title='bbox 478 795 517 877; x_wconf 78' lang='grc' dir='ltr'><strong><em>ἃς</em></strong></span> <span class='ocrx_word' id='word_1_32' title='bbox 528 795 704 885; x_wconf 78' lang='grc' dir='ltr'><strong><em>ἀναγκάζει</em></strong></span> <span class='ocrx_word' id='word_1_33' title='bbox 715 798 776 868; x_wconf 86' lang='grc' dir='ltr'><strong><em>τόν</em></strong></span> <span class='ocrx_word' id='word_1_34' title='bbox 784 804 1041 889; x_wconf 84' lang='grc' dir='ltr'><strong><em>Κερσοβλέπτην</em></strong></span> 
     </span>
     <span class='ocr_line' id='line_1_7' title="bbox 80 896 1040 990; baseline -0.004 -18"><span class='ocrx_word' id='word_1_35' title='bbox 80 901 205 990; x_wconf 83' lang='grc' dir='ltr'><strong><em>ὀμόσαι</em></strong></span> <span class='ocrx_word' id='word_1_36' title='bbox 221 899 305 986; x_wconf 90' lang='grc' dir='ltr'><strong><em>πρός</em></strong></span> <span class='ocrx_word' id='word_1_37' title='bbox 321 925 356 967; x_wconf 92' lang='grc' dir='ltr'><strong><em>τε</em></strong></span> <span class='ocrx_word' id='word_1_38' title='bbox 378 896 465 984; x_wconf 81' lang='grc' dir='ltr'><strong><em>ύμοῖς</em></strong></span> <span class='ocrx_word' id='word_1_39' title='bbox 485 899 541 965; x_wconf 78' lang='grc' dir='ltr'><strong><em>καὶ</em></strong></span> <span class='ocrx_word' id='word_1_40' title='bbox 553 896 631 977; x_wconf 83' lang='grc' dir='ltr'><strong><em>τούς</em></strong></span> <span class='ocrx_word' id='word_1_41' title='bbox 647 902 804 986; x_wconf 75' lang='grc' dir='ltr'><strong><em>βασιλέας</em></strong></span> <span class='ocrx_word' id='word_1_42' title='bbox 814 898 898 971; x_wconf 80' lang='grc' dir='ltr'><strong><em>εἶναι</em></strong></span> <span class='ocrx_word' id='word_1_43' title='bbox 908 900 1040 988; x_wconf 73' lang='grc' dir='ltr'><strong><em>μὲυτὴν</em></strong></span> 
     </span>
     <span class='ocr_line' id='line_1_8' title="bbox 82 997 1041 1089; baseline -0.002 -19"><span class='ocrx_word' id='word_1_44' title='bbox 82 999 189 1089; x_wconf 76' lang='grc' dir='ltr'><strong><em>ἀρχὴν</em></strong></span> <span class='ocrx_word' id='word_1_45' title='bbox 201 999 387 1087; x_wconf 80' lang='grc' dir='ltr'><strong><em>κοινήντῆς</em></strong></span> <span class='ocrx_word' id='word_1_46' title='bbox 398 997 532 1086; x_wconf 75' lang='grc' dir='ltr'><strong><em>Θρᾴκης</em></strong></span> <span class='ocrx_word' id='word_1_47' title='bbox 546 1005 591 1076; x_wconf 90' lang='grc' dir='ltr'><strong><em>είς</em></strong></span> <span class='ocrx_word' id='word_1_48' title='bbox 607 1012 694 1083; x_wconf 88' lang='grc' dir='ltr'><strong><em>τρεῖς</em></strong></span> <span class='ocrx_word' id='word_1_49' title='bbox 712 1002 931 1088; x_wconf 73' lang='grc' dir='ltr'><strong><em>διῃρημένην,</em></strong></span> <span class='ocrx_word' id='word_1_50' title='bbox 954 999 1041 1068; x_wconf 82' lang='grc' dir='ltr'><strong><em>πόν·</em></strong></span> 
     </span>
     <span class='ocr_line' id='line_1_9' title="bbox 29 1093 1041 1186; baseline -0.001 -18"><span class='ocrx_word' id='word_1_51' title='bbox 29 1127 69 1182; x_wconf 74' lang='grc' dir='ltr'><strong><em>[ῃ</em></strong></span> <span class='ocrx_word' id='word_1_52' title='bbox 84 1127 143 1181; x_wconf 90' lang='grc' dir='ltr'><strong><em>τας</em></strong></span> <span class='ocrx_word' id='word_1_53' title='bbox 155 1097 186 1167; x_wconf 78' lang='grc' dir='ltr'><strong><em>δ’</em></strong></span> <span class='ocrx_word' id='word_1_54' title='bbox 199 1096 280 1185; x_wconf 89' lang='grc' dir='ltr'><strong><em>ύμῖν</em></strong></span> <span class='ocrx_word' id='word_1_55' title='bbox 298 1095 484 1164; x_wconf 81' lang='grc' dir='ltr'><strong><em>ἀποδοῦναι</em></strong></span> <span class='ocrx_word' id='word_1_56' title='bbox 499 1093 560 1183; x_wconf 80' lang='grc' dir='ltr'><strong><em>τὴν</em></strong></span> <span class='ocrx_word' id='word_1_57' title='bbox 577 1096 699 1182; x_wconf 81' lang='grc' dir='ltr'><strong><em>χῶραν.</em></strong></span> <span class='ocrx_word' id='word_1_58' title='bbox 731 1095 775 1176; x_wconf 89' lang='grc' dir='ltr'><strong><em>ῶς</em></strong></span> <span class='ocrx_word' id='word_1_59' title='bbox 793 1097 826 1166; x_wconf 89' lang='grc' dir='ltr'><strong><em>δ’</em></strong></span> <span class='ocrx_word' id='word_1_60' title='bbox 839 1101 875 1167; x_wconf 86' lang='grc' dir='ltr'><strong><em>έν</em></strong></span> <span class='ocrx_word' id='word_1_61' title='bbox 886 1097 1041 1186; x_wconf 79' lang='grc' dir='ltr'><strong><em>ἀρχαιρε-</em></strong></span> 
     </span>
     <span class='ocr_line' id='line_1_10' title="bbox 85 1192 1040 1284; baseline -0.003 -17"><span class='ocrx_word' id='word_1_62' title='bbox 85 1206 172 1277; x_wconf 91' lang='grc' dir='ltr'><strong><em>σίαις</em></strong></span> <span class='ocrx_word' id='word_1_63' title='bbox 184 1195 277 1283; x_wconf 84' lang='grc' dir='ltr'><strong><em>ὑμεῖς</em></strong></span> <span class='ocrx_word' id='word_1_64' title='bbox 288 1201 440 1282; x_wconf 81' lang='grc' dir='ltr'><strong><em>Χαβρίαν</em></strong></span> <span class='ocrx_word' id='word_1_65' title='bbox 450 1196 503 1262; x_wconf 79' lang='grc' dir='ltr'><strong><em>ἐπὶ</em></strong></span> <span class='ocrx_word' id='word_1_66' title='bbox 519 1192 580 1260; x_wconf 85' lang='grc' dir='ltr'><strong><em>τόν</em></strong></span> <span class='ocrx_word' id='word_1_67' title='bbox 591 1194 737 1281; x_wconf 85' lang='grc' dir='ltr'><strong><em>πόλεμον</em></strong></span> <span class='ocrx_word' id='word_1_68' title='bbox 747 1202 869 1264; x_wconf 87' lang='grc' dir='ltr'><strong><em>τοῦτον</em></strong></span> <span class='ocrx_word' id='word_1_69' title='bbox 881 1199 1040 1284; x_wconf 86' lang='grc' dir='ltr'><strong><em>κατεστή-</em></strong></span> 
     </span>
     <span class='ocr_line' id='line_1_11' title="bbox 86 1292 1040 1385; baseline -0.003 -19"><span class='ocrx_word' id='word_1_70' title='bbox 86 1319 181 1384; x_wconf 86' lang='grc' dir='ltr'><strong><em>σατε,</em></strong></span> <span class='ocrx_word' id='word_1_71' title='bbox 203 1298 258 1364; x_wconf 83' lang='grc' dir='ltr'><strong><em>καὶ</em></strong></span> <span class='ocrx_word' id='word_1_72' title='bbox 275 1301 322 1385; x_wconf 75' lang='grc' dir='ltr'><strong><em>τῷ</em></strong></span> <span class='ocrx_word' id='word_1_73' title='bbox 340 1294 400 1380; x_wconf 77' lang='grc' dir='ltr'><strong><em>μὲν</em></strong></span> <span class='ocrx_word' id='word_1_74' title='bbox 414 1292 636 1382; x_wconf 75' lang='grc' dir='ltr'><strong><em>Ἀθηνοδώρῳ</em></strong></span> <span class='ocrx_word' id='word_1_75' title='bbox 654 1296 778 1380; x_wconf 84' lang='grc' dir='ltr'><strong><em>συνέβη</em></strong></span> <span class='ocrx_word' id='word_1_76' title='bbox 797 1299 964 1380; x_wconf 73' lang='grc' dir='ltr'><strong><em>διαφεῖναι</em></strong></span> <span class='ocrx_word' id='word_1_77' title='bbox 977 1295 1040 1381; x_wconf 78' lang='grc' dir='ltr'><strong><em>τήν</em></strong></span> 
     </span>
     <span class='ocr_line' id='line_1_12' title="bbox 85 1387 1039 1482; baseline -0.003 -18"><span class='ocrx_word' id='word_1_78' title='bbox 85 1396 231 1482; x_wconf 88' lang='grc' dir='ltr'><strong><em>δύναμιν</em></strong></span> <span class='ocrx_word' id='word_1_79' title='bbox 241 1394 390 1480; x_wconf 86' lang='grc' dir='ltr'><strong><em>χρήματα</em></strong></span> <span class='ocrx_word' id='word_1_80' title='bbox 402 1389 463 1459; x_wconf 88' lang='grc' dir='ltr'><strong><em>ούκ</em></strong></span> <span class='ocrx_word' id='word_1_81' title='bbox 483 1397 591 1477; x_wconf 80' lang='grc' dir='ltr'><strong><em>ἔχοντι</em></strong></span> <span class='ocrx_word' id='word_1_82' title='bbox 602 1388 677 1475; x_wconf 85' lang='grc' dir='ltr'><strong><em>παρ’</em></strong></span> <span class='ocrx_word' id='word_1_83' title='bbox 688 1387 784 1477; x_wconf 82' lang='grc' dir='ltr'><strong><em>ὑμῶν</em></strong></span> <span class='ocrx_word' id='word_1_84' title='bbox 795 1390 869 1460; x_wconf 78' lang='grc' dir='ltr'><strong><em>οὐδ’</em></strong></span> <span class='ocrx_word' id='word_1_85' title='bbox 883 1392 1039 1480; x_wconf 75' lang='grc' dir='ltr'><strong><em>ἀφορμήν</em></strong></span> 
     </span>
     <span class='ocr_line' id='line_1_13' title="bbox 85 1491 1039 1585; baseline -0.002 -22"><span class='ocrx_word' id='word_1_86' title='bbox 85 1504 133 1585; x_wconf 76' lang='grc' dir='ltr'><strong><em>τῷ</em></strong></span> <span class='ocrx_word' id='word_1_87' title='bbox 155 1497 297 1582; x_wconf 85' lang='grc' dir='ltr'><strong><em>πολέμφ,</em></strong></span> <span class='ocrx_word' id='word_1_88' title='bbox 317 1499 367 1581; x_wconf 77' lang='grc' dir='ltr'><strong><em>τῷ</em></strong></span> <span class='ocrx_word' id='word_1_89' title='bbox 385 1497 515 1581; x_wconf 75' lang='grc' dir='ltr'><strong><em>Χαβρία</em></strong></span> <span class='ocrx_word' id='word_1_90' title='bbox 538 1491 573 1560; x_wconf 74' lang='grc' dir='ltr'><strong><em>δὲ</em></strong></span> <span class='ocrx_word' id='word_1_91' title='bbox 593 1499 672 1577; x_wconf 89' lang='grc' dir='ltr'><strong><em>μίαν</em></strong></span> <span class='ocrx_word' id='word_1_92' title='bbox 693 1498 781 1558; x_wconf 82' lang='grc' dir='ltr'><strong><em>ναῦν</em></strong></span> <span class='ocrx_word' id='word_1_93' title='bbox 801 1497 909 1577; x_wconf 82' lang='grc' dir='ltr'><strong><em>ἔχοντι</em></strong></span> <span class='ocrx_word' id='word_1_94' title='bbox 930 1493 1039 1580; x_wconf 89' lang='grc' dir='ltr'><strong><em>μόνην</em></strong></span> 
     </span>
     <span class='ocr_line' id='line_1_14' title="bbox 86 1583 1038 1681; baseline -0.003 -18"><span class='ocrx_word' id='word_1_95' title='bbox 86 1599 228 1676; x_wconf 75' lang='grc' dir='ltr'><strong><em>ἐκπλεῖν,</em></strong></span> <span class='ocrx_word' id='word_1_96' title='bbox 252 1597 287 1659; x_wconf 90' lang='grc' dir='ltr'><strong><em>τί</em></strong></span> <span class='ocrx_word' id='word_1_97' title='bbox 305 1591 408 1658; x_wconf 86' lang='grc' dir='ltr'><strong><em>πόλιν</em></strong></span> <span class='ocrx_word' id='word_1_98' title='bbox 429 1604 518 1659; x_wconf 85' lang='grc' dir='ltr'><strong><em>ποιεῖ</em></strong></span> <span class='ocrx_word' id='word_1_99' title='bbox 536 1583 633 1670; x_wconf 86' lang='grc' dir='ltr'><strong><em>ούτος</em></strong></span> <span class='ocrx_word' id='word_1_100' title='bbox 655 1587 891 1681; x_wconf 80' lang='grc' dir='ltr'><strong><em>ὁΧαρίδημος;</em></strong></span> <span class='ocrx_word' id='word_1_101' title='bbox 923 1590 962 1672; x_wconf 73' lang='grc' dir='ltr'><strong><em>ἃς</em></strong></span> <span class='ocrx_word' id='word_1_102' title='bbox 978 1593 1038 1677; x_wconf 74' lang='grc' dir='ltr'><strong><em>μὲν</em></strong></span> 
     </span>
     <span class='ocr_line' id='line_1_15' title="bbox 87 1687 1037 1778; baseline -0.001 -17"><span class='ocrx_word' id='word_1_103' title='bbox 87 1691 195 1777; x_wconf 81' lang='grc' dir='ltr'><strong><em>ῶμοσε</em></strong></span> <span class='ocrx_word' id='word_1_104' title='bbox 207 1687 290 1776; x_wconf 84' lang='grc' dir='ltr'><strong><em>πρὸς</em></strong></span> <span class='ocrx_word' id='word_1_105' title='bbox 301 1687 361 1758; x_wconf 90' lang='grc' dir='ltr'><strong><em>τόν</em></strong></span> <span class='ocrx_word' id='word_1_106' title='bbox 378 1687 615 1776; x_wconf 72' lang='grc' dir='ltr'><strong><em>Ἀθηνόδωρον</em></strong></span> <span class='ocrx_word' id='word_1_107' title='bbox 638 1691 823 1778; x_wconf 77' lang='grc' dir='ltr'><strong><em>συνθήκας,</em></strong></span> <span class='ocrx_word' id='word_1_108' title='bbox 845 1696 980 1778; x_wconf 80' lang='grc' dir='ltr'><strong><em>ἔξαρνος</em></strong></span> <span class='ocrx_word' id='word_1_109' title='bbox 990 1701 1037 1777; x_wconf 87' lang='grc' dir='ltr'><strong><em>γί·</em></strong></span> 
     </span>
     <span class='ocr_line' id='line_1_16' title="bbox 85 1786 1038 1878; baseline -0.002 -19"><span class='ocrx_word' id='word_1_110' title='bbox 85 1817 198 1878; x_wconf 88' lang='grc' dir='ltr'><strong><em>γνεται</em></strong></span> <span class='ocrx_word' id='word_1_111' title='bbox 208 1792 263 1860; x_wconf 78' lang='grc' dir='ltr'><strong><em>καί</em></strong></span> <span class='ocrx_word' id='word_1_112' title='bbox 272 1789 333 1858; x_wconf 89' lang='grc' dir='ltr'><strong><em>τδυ</em></strong></span> <span class='ocrx_word' id='word_1_113' title='bbox 343 1793 600 1876; x_wconf 85' lang='grc' dir='ltr'><strong><em>Κερσοβλέπτην</em></strong></span> <span class='ocrx_word' id='word_1_114' title='bbox 611 1786 789 1875; x_wconf 76' lang='grc' dir='ltr'><strong><em>ἀρνεῖσθαι</em></strong></span> <span class='ocrx_word' id='word_1_115' title='bbox 807 1797 934 1877; x_wconf 89' lang='grc' dir='ltr'><strong><em>πείθει,</em></strong></span> <span class='ocrx_word' id='word_1_116' title='bbox 954 1790 1038 1877; x_wconf 82' lang='grc' dir='ltr'><strong><em>γρύ-</em></strong></span> 
     </span>
     <span class='ocr_line' id='line_1_17' title="bbox 85 1885 1038 1977; baseline -0.001 -19"><span class='ocrx_word' id='word_1_117' title='bbox 85 1918 140 1977; x_wconf 87' lang='grc' dir='ltr'><strong><em>φει</em></strong></span> <span class='ocrx_word' id='word_1_118' title='bbox 152 1888 183 1958; x_wconf 87' lang='grc' dir='ltr'><strong><em>δ’</em></strong></span> <span class='ocrx_word' id='word_1_119' title='bbox 197 1893 308 1977; x_wconf 86' lang='grc' dir='ltr'><strong><em>ἑτέρας</em></strong></span> <span class='ocrx_word' id='word_1_120' title='bbox 319 1888 403 1973; x_wconf 88' lang='grc' dir='ltr'><strong><em>πρός</em></strong></span> <span class='ocrx_word' id='word_1_121' title='bbox 415 1887 475 1957; x_wconf 89' lang='grc' dir='ltr'><strong><em>τόν</em></strong></span> <span class='ocrx_word' id='word_1_122' title='bbox 485 1895 637 1976; x_wconf 85' lang='grc' dir='ltr'><strong><em>Χαβρίαν</em></strong></span> <span class='ocrx_word' id='word_1_123' title='bbox 654 1893 701 1956; x_wconf 82' lang='grc' dir='ltr'><strong><em>ἔτι</em></strong></span> <span class='ocrx_word' id='word_1_124' title='bbox 711 1897 780 1958; x_wconf 87' lang='grc' dir='ltr'><strong><em>τῶν</em></strong></span> <span class='ocrx_word' id='word_1_125' title='bbox 791 1885 875 1977; x_wconf 90' lang='grc' dir='ltr'><strong><em>πρός</em></strong></span> <span class='ocrx_word' id='word_1_126' title='bbox 886 1888 1038 1976; x_wconf 87' lang='grc' dir='ltr'><strong><em>Κηφισό-</em></strong></span> 
     </span>
     <span class='ocr_line' id='line_1_18' title="bbox 86 1985 1038 2074; baseline -0.003 -16"><span class='ocrx_word' id='word_1_127' title='bbox 86 1998 185 2059; x_wconf 86' lang='grc' dir='ltr'><strong><em>δοτον</em></strong></span> <span class='ocrx_word' id='word_1_128' title='bbox 206 1993 406 2072; x_wconf 80' lang='grc' dir='ltr'><strong><em>δεινοτέρας·</em></strong></span> <span class='ocrx_word' id='word_1_129' title='bbox 429 1986 490 2055; x_wconf 90' lang='grc' dir='ltr'><strong><em>ούκ</em></strong></span> <span class='ocrx_word' id='word_1_130' title='bbox 514 1985 639 2074; x_wconf 81' lang='grc' dir='ltr'><strong><em>ἔχωνδ’</em></strong></span> <span class='ocrx_word' id='word_1_131' title='bbox 653 1990 786 2074; x_wconf 84' lang='grc' dir='ltr'><strong><em>ἐκεῖνος,</em></strong></span> <span class='ocrx_word' id='word_1_132' title='bbox 810 1986 910 2074; x_wconf 76' lang='grc' dir='ltr'><strong><em>οἶμαι,</em></strong></span> <span class='ocrx_word' id='word_1_133' title='bbox 934 1988 1038 2056; x_wconf 88' lang='grc' dir='ltr'><strong><em>δύνα-</em></strong></span> 
     </span>
     <span class='ocr_line' id='line_1_19' title="bbox 29 2084 1038 2177; baseline -0.004 -19"><span class='ocrx_word' id='word_1_134' title='bbox 29 2117 71 2173; x_wconf 67' lang='grc' dir='ltr'><strong><em>γηγ</em></strong></span> <span class='ocrx_word' id='word_1_135' title='bbox 81 2118 139 2177; x_wconf 87' lang='grc' dir='ltr'><strong><em>μιν</em></strong></span> <span class='ocrx_word' id='word_1_136' title='bbox 150 2093 298 2175; x_wconf 79' lang='grc' dir='ltr'><strong><em>στέργειν</em></strong></span> <span class='ocrx_word' id='word_1_137' title='bbox 309 2085 509 2175; x_wconf 77' lang='grc' dir='ltr'><strong><em>ήυαγκύζετο</em></strong></span> <span class='ocrx_word' id='word_1_138' title='bbox 523 2087 662 2164; x_wconf 84' lang='grc' dir='ltr'><strong><em>τούτοις.</em></strong></span> <span class='ocrx_word' id='word_1_139' title='bbox 686 2084 889 2165; x_wconf 76' lang='grc' dir='ltr'><strong><em>ἀκούσαντες</em></strong></span> <span class='ocrx_word' id='word_1_140' title='bbox 901 2085 931 2154; x_wconf 90' lang='grc' dir='ltr'><strong><em>δ’</em></strong></span> <span class='ocrx_word' id='word_1_141' title='bbox 946 2085 1038 2171; x_wconf 80' lang='grc' dir='ltr'><strong><em>ὑμεῖς</em></strong></span> 
     </span>
     <span class='ocr_line' id='line_1_20' title="bbox 81 2185 1038 2276; baseline -0.005 -20"><span class='ocrx_word' id='word_1_142' title='bbox 81 2186 187 2272; x_wconf 84' lang='grc' dir='ltr'><strong><em>ταῦτ’,</em></strong></span> <span class='ocrx_word' id='word_1_143' title='bbox 199 2192 236 2255; x_wconf 86' lang='grc' dir='ltr'><strong><em>έν</em></strong></span> <span class='ocrx_word' id='word_1_144' title='bbox 252 2194 299 2276; x_wconf 76' lang='grc' dir='ltr'><strong><em>τῷ</em></strong></span> <span class='ocrx_word' id='word_1_145' title='bbox 317 2187 409 2272; x_wconf 79' lang='grc' dir='ltr'><strong><em>δήμῳ</em></strong></span> <span class='ocrx_word' id='word_1_146' title='bbox 424 2185 536 2266; x_wconf 89' lang='grc' dir='ltr'><strong><em>λόγων</em></strong></span> <span class='ocrx_word' id='word_1_147' title='bbox 547 2186 721 2271; x_wconf 75' lang='grc' dir='ltr'><strong><em>ῥηθέντων</em></strong></span> <span class='ocrx_word' id='word_1_148' title='bbox 742 2190 876 2250; x_wconf 78' lang='grc' dir='ltr'><strong><em>πολλῶν</em></strong></span> <span class='ocrx_word' id='word_1_149' title='bbox 898 2185 951 2250; x_wconf 90' lang='grc' dir='ltr'><strong><em>καὶ</em></strong></span> <span class='ocrx_word' id='word_1_150' title='bbox 969 2193 1038 2251; x_wconf 82' lang='grc' dir='ltr'><strong><em>τῶν</em></strong></span> 
     </span>
     <span class='ocr_line' id='line_1_21' title="bbox 82 2278 1036 2372; baseline -0.005 -19"><span class='ocrx_word' id='word_1_151' title='bbox 82 2293 266 2370; x_wconf 75' lang='grc' dir='ltr'><strong><em>συνθηκῶν</em></strong></span> <span class='ocrx_word' id='word_1_152' title='bbox 278 2281 577 2372; x_wconf 72' lang='grc' dir='ltr'><strong><em>ἀναγνωσθεισῶν,</em></strong></span> <span class='ocrx_word' id='word_1_153' title='bbox 600 2278 677 2346; x_wconf 87' lang='grc' dir='ltr'><strong><em>ούτε</em></strong></span> <span class='ocrx_word' id='word_1_154' title='bbox 693 2278 756 2365; x_wconf 81' lang='grc' dir='ltr'><strong><em>τήν</em></strong></span> <span class='ocrx_word' id='word_1_155' title='bbox 767 2287 918 2366; x_wconf 83' lang='grc' dir='ltr'><strong><em>Χαβρίου</em></strong></span> <span class='ocrx_word' id='word_1_156' title='bbox 936 2281 1036 2360; x_wconf 84' lang='grc' dir='ltr'><strong><em>δόξαν</em></strong></span> 
     </span>
     <span class='ocr_line' id='line_1_22' title="bbox 83 2374 1096 2465; baseline -0.001 -17"><span class='ocrx_word' id='word_1_157' title='bbox 83 2384 318 2465; x_wconf 77' lang='grc' dir='ltr'><strong><em>αἰσχυνθέντες</em></strong></span> <span class='ocrx_word' id='word_1_158' title='bbox 329 2379 406 2444; x_wconf 87' lang='grc' dir='ltr'><strong><em>ούτε</em></strong></span> <span class='ocrx_word' id='word_1_159' title='bbox 423 2383 492 2443; x_wconf 86' lang='grc' dir='ltr'><strong><em>τῶν</em></strong></span> <span class='ocrx_word' id='word_1_160' title='bbox 509 2377 809 2463; x_wconf 79' lang='grc' dir='ltr'><strong><em>συναγορευόντων</em></strong></span> <span class='ocrx_word' id='word_1_161' title='bbox 819 2374 942 2446; x_wconf 86' lang='grc' dir='ltr'><strong><em>ούδέυα</em></strong></span> <span class='ocrx_word' id='word_1_162' title='bbox 954 2377 1036 2447; x_wconf 84' lang='grc' dir='ltr'><strong><em>όπε-</em></strong></span> <span class='ocrx_word' id='word_1_163' title='bbox 1046 2399 1096 2455; x_wconf 79' lang='grc'><strong><em>678</em></strong></span> 
     </span>
     <span class='ocr_line' id='line_1_23' title="bbox 82 2472 1036 2570; baseline -0.003 -21"><span class='ocrx_word' id='word_1_164' title='bbox 82 2499 333 2570; x_wconf 85' lang='grc' dir='ltr'><strong><em>χειροτονησατε</em></strong></span> <span class='ocrx_word' id='word_1_165' title='bbox 353 2478 408 2544; x_wconf 81' lang='grc' dir='ltr'><strong><em>καλ</em></strong></span> <span class='ocrx_word' id='word_1_166' title='bbox 428 2476 551 2555; x_wconf 90' lang='grc' dir='ltr'><strong><em>ταύτας</em></strong></span> <span class='ocrx_word' id='word_1_167' title='bbox 569 2475 671 2545; x_wconf 76' lang='grc' dir='ltr'><strong><em>πόλιν</em></strong></span> <span class='ocrx_word' id='word_1_168' title='bbox 690 2472 749 2557; x_wconf 82' lang='grc' dir='ltr'><strong><em>τόις</em></strong></span> <span class='ocrx_word' id='word_1_169' title='bbox 770 2475 960 2565; x_wconf 87' lang='grc' dir='ltr'><strong><em>συνθήκας,</em></strong></span> <span class='ocrx_word' id='word_1_170' title='bbox 983 2482 1036 2546; x_wconf 80' lang='grc' dir='ltr'><strong><em>καὶ</em></strong></span> 
     </span>
     <span class='ocr_line' id='line_1_24' title="bbox 82 2575 1036 2666; baseline -0.007 -16"><span class='ocrx_word' id='word_1_171' title='bbox 82 2585 294 2666; x_wconf 76' lang='grc' dir='ltr'><strong><em>ἐψηφίσασθε</em></strong></span> <span class='ocrx_word' id='word_1_172' title='bbox 316 2575 472 2664; x_wconf 78' lang='grc' dir='ltr'><strong><em>ψήφισμα</em></strong></span> <span class='ocrx_word' id='word_1_173' title='bbox 493 2576 695 2657; x_wconf 84' lang='grc' dir='ltr'><strong><em>Γλαύκωνος</em></strong></span> <span class='ocrx_word' id='word_1_174' title='bbox 722 2577 876 2657; x_wconf 77' lang='grc' dir='ltr'><strong><em>εἰπόντος</em></strong></span> <span class='ocrx_word' id='word_1_175' title='bbox 902 2579 1036 2647; x_wconf 81' lang='grc' dir='ltr'><strong><em>ἑλέσθαι</em></strong></span> 
     </span>
     <span class='ocr_line' id='line_1_25' title="bbox 83 2672 1036 2767; baseline -0.004 -20"><span class='ocrx_word' id='word_1_176' title='bbox 83 2685 237 2767; x_wconf 83' lang='grc' dir='ltr'><strong><em>πρέσβεις</em></strong></span> <span class='ocrx_word' id='word_1_177' title='bbox 248 2678 328 2746; x_wconf 83' lang='grc' dir='ltr'><strong><em>δέκα</em></strong></span> <span class='ocrx_word' id='word_1_178' title='bbox 340 2675 466 2760; x_wconf 78' lang='grc' dir='ltr'><strong><em>ἄνδρας</em></strong></span> <span class='ocrx_word' id='word_1_179' title='bbox 476 2678 509 2756; x_wconf 82' lang='grc' dir='ltr'><strong><em>ἐξ</em></strong></span> <span class='ocrx_word' id='word_1_180' title='bbox 519 2672 561 2762; x_wconf 87' lang='grc' dir='ltr'><strong><em>ύμ</em></strong></span> <span class='ocrx_word' id='word_1_181' title='bbox 567 2684 615 2743; x_wconf 86' lang='grc' dir='ltr'><strong><em>ῶν</em></strong></span> <span class='ocrx_word' id='word_1_182' title='bbox 627 2674 750 2762; x_wconf 84' lang='grc' dir='ltr'><strong><em>αὐτῶν,</em></strong></span> <span class='ocrx_word' id='word_1_183' title='bbox 772 2677 912 2756; x_wconf 83' lang='grc' dir='ltr'><strong><em>τούτους</em></strong></span> <span class='ocrx_word' id='word_1_184' title='bbox 926 2674 970 2763; x_wconf 90' lang='grc' dir='ltr'><strong><em>δ’,</em></strong></span> <span class='ocrx_word' id='word_1_185' title='bbox 993 2672 1036 2743; x_wconf 80' lang='grc' dir='ltr'><strong><em>όν</em></strong></span> 
     </span>
     <span class='ocr_line' id='line_1_26' title="bbox 82 2772 1035 2865; baseline -0.001 -18"><span class='ocrx_word' id='word_1_186' title='bbox 82 2779 143 2865; x_wconf 73' lang='grc' dir='ltr'><strong><em>μέν</em></strong></span> <span class='ocrx_word' id='word_1_187' title='bbox 155 2781 278 2865; x_wconf 80' lang='grc' dir='ltr'><strong><em>ἐμμένη</em></strong></span> <span class='ocrx_word' id='word_1_188' title='bbox 288 2791 359 2855; x_wconf 82' lang='grc' dir='ltr'><strong><em>ταῖς</em></strong></span> <span class='ocrx_word' id='word_1_189' title='bbox 370 2772 454 2861; x_wconf 88' lang='grc' dir='ltr'><strong><em>πρός</em></strong></span> <span class='ocrx_word' id='word_1_190' title='bbox 468 2774 704 2862; x_wconf 87' lang='grc' dir='ltr'><strong><em>Ἀθηνόδωρον</em></strong></span> <span class='ocrx_word' id='word_1_191' title='bbox 720 2777 907 2865; x_wconf 80' lang='grc' dir='ltr'><strong><em>συνθήκαις</em></strong></span> <span class='ocrx_word' id='word_1_192' title='bbox 918 2775 936 2846; x_wconf 90' lang='grc' dir='ltr'>ὁ</span> <span class='ocrx_word' id='word_1_193' title='bbox 947 2783 1035 2863; x_wconf 88' lang='grc' dir='ltr'><strong><em>Κερ-</em></strong></span> 
     </span>
     <span class='ocr_line' id='line_1_27' title="bbox 84 2871 1036 2967; baseline -0.003 -22"><span class='ocrx_word' id='word_1_194' title='bbox 84 2877 280 2963; x_wconf 85' lang='grc' dir='ltr'><strong><em>σοβλέπτης,</em></strong></span> <span class='ocrx_word' id='word_1_195' title='bbox 299 2873 431 2967; x_wconf 86' lang='grc' dir='ltr'><strong><em>ὁρκίσαι</em></strong></span> <span class='ocrx_word' id='word_1_196' title='bbox 444 2873 547 2944; x_wconf 85' lang='grc' dir='ltr'><strong><em>πόλιν</em></strong></span> <span class='ocrx_word' id='word_1_197' title='bbox 557 2873 677 2961; x_wconf 89' lang='grc' dir='ltr'><strong><em>αύτόν,</em></strong></span> <span class='ocrx_word' id='word_1_198' title='bbox 700 2871 852 2963; x_wconf 70' lang='grc' dir='ltr'><strong><em>είδδμή,</em></strong></span> <span class='ocrx_word' id='word_1_199' title='bbox 873 2875 962 2962; x_wconf 77' lang='grc' dir='ltr'><strong><em>παρὰ</em></strong></span> <span class='ocrx_word' id='word_1_200' title='bbox 975 2877 1036 2962; x_wconf 69' lang='grc' dir='ltr'><strong><em>μέν</em></strong></span> 
     </span>
     <span class='ocr_line' id='line_1_28' title="bbox 82 2971 1033 3062; baseline -0.006 -18"><span class='ocrx_word' id='word_1_201' title='bbox 82 2989 154 3044; x_wconf 88' lang='grc' dir='ltr'><strong><em>τοῖν</em></strong></span> <span class='ocrx_word' id='word_1_202' title='bbox 167 2979 262 3043; x_wconf 90' lang='grc' dir='ltr'><strong><em>δυοῖν</em></strong></span> <span class='ocrx_word' id='word_1_203' title='bbox 272 2976 441 3062; x_wconf 83' lang='grc' dir='ltr'><strong><em>βασιλέοιν</em></strong></span> <span class='ocrx_word' id='word_1_204' title='bbox 458 2973 729 3060; x_wconf 84' lang='grc' dir='ltr'><strong><em>όιπολαβεῖντούς</em></strong></span> <span class='ocrx_word' id='word_1_205' title='bbox 746 2971 885 3060; x_wconf 83' lang='grc' dir='ltr'><strong><em>ὅρκους,</em></strong></span> <span class='ocrx_word' id='word_1_206' title='bbox 906 2971 991 3057; x_wconf 88' lang='grc' dir='ltr'><strong><em>πρός</em></strong></span> <span class='ocrx_word' id='word_1_207' title='bbox 1002 2977 1033 3038; x_wconf 83' lang='grc' dir='ltr'><strong><em>δ’</em></strong></span> 
     </span>
     <span class='ocr_line' id='line_1_29' title="bbox 29 3070 1036 3161; baseline -0.007 -18"><span class='ocrx_word' id='word_1_208' title='bbox 29 3104 72 3161; x_wconf 72' lang='grc' dir='ltr'><strong><em>[ης</em></strong></span> <span class='ocrx_word' id='word_1_209' title='bbox 81 3079 210 3144; x_wconf 83' lang='grc' dir='ltr'><strong><em>ἐκεῖνον</em></strong></span> <span class='ocrx_word' id='word_1_210' title='bbox 222 3070 312 3152; x_wconf 84' lang='grc' dir='ltr'><strong><em>ὅπως</em></strong></span> <span class='ocrx_word' id='word_1_211' title='bbox 329 3073 531 3161; x_wconf 88' lang='grc' dir='ltr'><strong><em>πολεμήσετε</em></strong></span> <span class='ocrx_word' id='word_1_212' title='bbox 542 3073 775 3159; x_wconf 88' lang='grc' dir='ltr'><strong><em>βουλεύεσθαι.</em></strong></span> <span class='ocrx_word' id='word_1_213' title='bbox 810 3071 1036 3140; x_wconf 80' lang='grc' dir='ltr'><strong><em>ἐκπεπλευκό-</em></strong></span> 
     </span>
     <span class='ocr_line' id='line_1_30' title="bbox 81 3166 1033 3258; baseline -0.005 -18"><span class='ocrx_word' id='word_1_214' title='bbox 81 3200 150 3241; x_wconf 85' lang='grc' dir='ltr'><strong><em>των</em></strong></span> <span class='ocrx_word' id='word_1_215' title='bbox 162 3172 198 3241; x_wconf 55' lang='lat' dir='ltr'><strong><em>a}</em></strong></span> <span class='ocrx_word' id='word_1_216' title='bbox 208 3177 277 3238; x_wconf 87' lang='grc' dir='ltr'><strong><em>τῶν</em></strong></span> <span class='ocrx_word' id='word_1_217' title='bbox 287 3174 458 3258; x_wconf 84' lang='grc' dir='ltr'><strong><em>πρέσβεων</em></strong></span> <span class='ocrx_word' id='word_1_218' title='bbox 471 3176 646 3257; x_wconf 87' lang='grc' dir='ltr'><strong><em>συμβαίνει</em></strong></span> <span class='ocrx_word' id='word_1_219' title='bbox 656 3184 724 3248; x_wconf 82' lang='grc' dir='ltr'><strong><em>τοῖς</em></strong></span> <span class='ocrx_word' id='word_1_220' title='bbox 740 3166 871 3254; x_wconf 84' lang='grc' dir='ltr'><strong><em>χρόνοις</em></strong></span> <span class='ocrx_word' id='word_1_221' title='bbox 882 3172 928 3247; x_wconf 86' lang='grc' dir='ltr'><strong><em>είς</em></strong></span> <span class='ocrx_word' id='word_1_222' title='bbox 938 3166 1033 3236; x_wconf 80' lang='grc' dir='ltr'><strong><em>τοῦθ’</em></strong></span> 
     </span>
     <span class='ocr_line' id='line_1_31' title="bbox 81 3266 1033 3359; baseline -0.004 -20"><span class='ocrx_word' id='word_1_223' title='bbox 81 3269 254 3359; x_wconf 87' lang='grc' dir='ltr'><strong><em>ύπηγμένα</em></strong></span> <span class='ocrx_word' id='word_1_224' title='bbox 271 3266 310 3337; x_wconf 85' lang='grc' dir='ltr'><strong><em>τόι</em></strong></span> <span class='ocrx_word' id='word_1_225' title='bbox 327 3268 503 3357; x_wconf 78' lang='grc' dir='ltr'><strong><em>πράγματα</em></strong></span> <span class='ocrx_word' id='word_1_226' title='bbox 523 3268 603 3358; x_wconf 82' lang='grc' dir='ltr'><strong><em>ήδη,</em></strong></span> <span class='ocrx_word' id='word_1_227' title='bbox 626 3269 810 3356; x_wconf 89' lang='grc' dir='ltr'><strong><em>τριβόντων</em></strong></span> <span class='ocrx_word' id='word_1_228' title='bbox 832 3267 960 3336; x_wconf 91' lang='grc' dir='ltr'><strong><em>τούτων</em></strong></span> <span class='ocrx_word' id='word_1_229' title='bbox 980 3269 1033 3336; x_wconf 76' lang='grc' dir='ltr'><strong><em>καὶ</em></strong></span> 
     </span>
     <span class='ocr_line' id='line_1_32' title="bbox 83 3363 1033 3457; baseline -0.006 -19"><span class='ocrx_word' id='word_1_230' title='bbox 83 3370 181 3439; x_wconf 73' lang='grc' dir='ltr'><strong><em>οὐδὲν</em></strong></span> <span class='ocrx_word' id='word_1_231' title='bbox 199 3367 330 3439; x_wconf 83' lang='grc' dir='ltr'><strong><em>όπλούν</em></strong></span> <span class='ocrx_word' id='word_1_232' title='bbox 348 3365 428 3438; x_wconf 74' lang='grc' dir='ltr'><strong><em>ούδὲ</em></strong></span> <span class='ocrx_word' id='word_1_233' title='bbox 446 3375 574 3438; x_wconf 89' lang='grc' dir='ltr'><strong><em>δίκαιον</em></strong></span> <span class='ocrx_word' id='word_1_234' title='bbox 593 3365 676 3454; x_wconf 87' lang='grc' dir='ltr'><strong><em>ύμῖν</em></strong></span> <span class='ocrx_word' id='word_1_235' title='bbox 693 3363 1033 3457; x_wconf 40' lang='grc' dir='ltr'><strong><em>έθελόυτωνντῖρᾶξαι,</em></strong></span> 
     </span>
    </p>
   </div>
   <div class='ocr_carea' id='block_1_3' title="bbox 84 3455 1036 3619">
    <p class='ocr_par' dir='ltr' id='par_1_3' title="bbox 84 3455 1036 3619">
     <span class='ocr_line' id='line_1_33' title="bbox 84 3455 1036 3619; baseline -0.004 -83"><span class='ocrx_word' id='word_1_236' title='bbox 84 3467 157 3536; x_wconf 74' lang='grc' dir='ltr'><strong><em>ὤστ’</em></strong></span> <span class='ocrx_word' id='word_1_237' title='bbox 169 3471 381 3556; x_wconf 77' lang='grc' dir='ltr'><strong><em>ἐβοηθοῦμεν</em></strong></span> <span class='ocrx_word' id='word_1_238' title='bbox 400 3473 446 3548; x_wconf 87' lang='grc' dir='ltr'><strong><em>είς</em></strong></span> <span class='ocrx_word' id='word_1_239' title='bbox 460 3467 627 3556; x_wconf 76' lang='grc' dir='ltr'><strong><em>Εὔβοιαν,</em></strong></span> <span class='ocrx_word' id='word_1_240' title='bbox 649 3467 705 3536; x_wconf 80' lang='grc' dir='ltr'><strong><em>καὶ</em></strong></span> <span class='ocrx_word' id='word_1_241' title='bbox 721 3455 933 3619; x_wconf 38' lang='grc' dir='ltr'><strong><em>Χύρηςὶήγευ</em></strong></span> <span class='ocrx_word' id='word_1_242' title='bbox 950 3471 1036 3569; x_wconf 71' lang='grc' dir='ltr'><strong><em>ἔχων</em></strong></span> 
     </span>
    </p>
   </div>
   <div class='ocr_carea' id='block_1_4' title="bbox 0 0 1190 3854">
    <p class='ocr_par' dir='ltr' id='par_1_4' title="bbox 0 0 1190 3854">
     <span class='ocr_line' id='line_1_34' title="bbox 0 0 1190 3854; baseline 0 0"><span class='ocrx_word' id='word_1_243' title='bbox 0 0 1190 3854; x_wconf 95' lang='lat' dir='ltr'><strong><em> </em></strong></span> 
     </span>
    </p>
   </div>
  </div>
 </body>
</html>
