2370 3854
102 230 165 292 466
302 230 423 288 XXXIX.
444 226 864 289 ΔΗΜΟΣΘΕΝΟΤΣ

456 466 702 527 ΜΑΡΤΤΡΕΣ.

77 619 94 672 6
178 593 238 666 Ὃν
254 598 315 683 μὲν
331 604 447 665 τοίνυν
462 596 589 683 τρόπον
605 592 689 682 ἡμᾶς
706 596 888 681 ἐνέγραψεν
903 594 1052 685 όπατήρ,

102 696 263 784 ἀκηκόατε
273 704 342 764 τῶν
353 696 548 781 μαρτύρων
571 693 622 762 ότι
640 692 671 760 δ’
683 692 746 776 οὐκ
764 699 919 780 οἰομένου
930 696 1053 765 τούτου

101 801 171 864 δεῖν
183 800 333 881 ἐμμένειν
345 800 477 874 δικαίως
486 796 541 861 καὶ
552 791 739 877 ἀναγκαίως
747 799 864 880 ἔλαχον
874 797 936 883 τήν
945 801 1053 884 δίκην,

100 893 184 963 τοῦτ’
200 895 265 982 ήδη
277 899 379 974 δείξω.
409 892 473 978 ἐγω
490 893 553 978 γάρ
571 891 632 977 οόχ
644 890 732 960 οὕτω
742 893 852 982 δήπου
863 895 978 975 σκαιός
987 903 1053 983 είμι

100 996 281 1080 άνθρωπος
293 993 369 1061 οὐδ’
381 991 551 1079 ἀλόγιστος
576 990 660 1059 άστε
680 1000 749 1059 των
759 993 821 1079 μέν
830 994 1009 1086 πατρῴων,
1030 992 1053 1062 ἀ

100 1094 209 1160 πάντα
227 1090 287 1179 ἐμά
305 1095 467 1177 ἐγίγνετο,
491 1090 665 1178 ἐπειδήπερ
684 1092 859 1179 ἐποιήσατο
877 1093 1049 1173 τοάτουςὸ

99 1191 216 1277 πατήρ,
229 1193 516 1277 συγκεχωρηκέναι
527 1187 564 1259 τὸ
577 1197 689 1277 τρίτον
699 1197 879 1277 νείμασθαι
888 1195 1052 1279 μέροςκαὶ

100 1294 249 1375 στέργειν
261 1293 313 1359 ἐπὶ
328 1289 452 1381 τούτῳ,
475 1291 549 1373 περὶ
565 1288 598 1357 δ’
609 1289 772 1377 όνόματος
789 1295 999 1378 ζυγομαχεῖν,
1023 1299 1053 1360 εί

99 1389 143 1477 μή
152 1388 191 1458 τό
204 1391 264 1476 μὲν
272 1388 357 1478 ἡμᾶς
366 1395 572 1478 μεταθέσθαι
584 1390 733 1477 μεγάλην
743 1389 875 1477 ἀτιμίαν
886 1397 984 1478 ἔφερε
995 1392 1049 1460 καὶ

99 1487 300 1575 ἀνανδρίαν,
324 1489 360 1556 τὸ
375 1493 412 1557 δὲ
422 1486 545 1558 ταύτὸν
555 1495 641 1574 ἔχειν
652 1497 773 1557 τοῦτον
784 1487 863 1576 ἡμῖν
875 1489 982 1577 όνομα
994 1489 1049 1557 διά

99 1587 191 1655 πόλλ’
204 1586 371 1656 ἀδύνατον
381 1581 433 1674 ἦν.

73 1710 89 1765 7
184 1695 326 1774 Προῖτον
335 1688 396 1773 μὲν
407 1686 482 1774 γάρ,
495 1693 525 1755 εί
535 1691 588 1756 δεῖ
600 1686 640 1756 τά
652 1686 747 1756 κοινά
760 1696 828 1756 τω”ν
840 1694 934 1757 ίδίωυ
945 1694 1050 1757 είπείν

100 1788 274 1873 πρότερον,
286 1785 345 1854 τίν’
356 1784 466 1873 ἡμίνὴ
480 1788 574 1867 πόλις
584 1787 726 1868 ἐπιτάξει
737 1787 879 1875 τρόπον,
892 1785 979 1856 ἀντι
992 1790 1051 1876 δέῃ

99 1899 221 1963 ποιεῖν;
243 1895 373 1952 οίσουσι
391 1884 432 1970 νὴ
445 1893 512 1952 Δία
530 1891 564 1954 οί
578 1891 718 1972 φυλέται
735 1884 797 1954 τόν
809 1884 913 1954 αὐτόν
923 1886 1051 1970 τρόπον

99 1982 202 2069 όνπερ
214 1984 269 2051 καὶ
285 1980 365 2062 τούς
382 1982 513 2063 άλλους.
546 1983 673 2052 οάκοῦν
684 1993 882 2053 Μαντίθεον
893 1993 1051 2054 Μαντίου

101 2088 258 2169 Θορίκιον
279 2093 448 2167 οίσουσιν,
471 2081 531 2151 έάν
549 2081 695 2171 χορηγὸν
716 2080 739 2172 ή
763 2082 1051 2174 γυμνασίαρχουή

100 2183 271 2269 ἑστιάτορα
282 2180 304 2269 ή
315 2182 374 2252 έάν
384 2210 415 2251 τι
426 2191 494 2252 τοῖν
506 2183 618 2253 ἀλλων
630 2189 786 2272 φέρωσιν.
815 2194 862 2276 τῷ
873 2191 976 2273 δῆλον
987 2178 1051 2254 οὖν

71 2289 190 2358 Βὲσται
202 2285 345 2372 πότερον
361 2288 399 2352 σὲ
417 2286 579 2370 φέρουσιν
593 2282 615 2371 ή
634 2288 692 2371 ἐμέ
697 2315 706 2367 ;
729 2284 772 2353 σά
783 2285 846 2374 μὲν
856 2282 921 2372 γάρ
933 2284 1050 2374 φήσεις

98 2384 169 2467 ἐμὲ,
193 2385 255 2468 ἐγω
275 2385 310 2452 δὲ
328 2390 373 2452 σέ.
406 2387 461 2453 καί
478 2385 518 2471 δή
537 2394 632 2454 καλεῖ
646 2386 727 2471 μετά
739 2384 834 2454 τοῦθ’
847 2384 864 2456 ὁ
876 2383 1005 2471 ἅρχων,
1027 2382 1051 2470 ἢ

99 2480 181 2565 πρὸς
192 2480 292 2549 ὅντιν’
304 2479 346 2550 άν
356 2476 409 2571 ήὴ
422 2488 504 2570 δίκη.
529 2482 590 2570 οὐχ
601 2482 824 2572 ὑπακούομεν,
846 2483 887 2552 οὐ
900 2493 1050 2569 λειτουρ-

97 2588 232 2666 γοῦμεν.
258 2582 395 2668 πότερος
405 2598 475 2662 ταίς
486 2587 521 2651 ἐκ
532 2591 601 2651 τῶν
611 2585 726 2670 νόμων
737 2589 827 2652 ἔσται
837 2588 963 2668 ζημίαις
974 2587 1050 2648 ένο-

96 2706 167 2765 χος;
187 2686 261 2748 τίνα
273 2678 302 2747 δ’
318 2685 532 2770 οἰστρατχγολ
549 2683 675 2767 τρόπον
685 2681 927 2768 ἐγγράψουσιν,
949 2674 993 2744 ἀν
1004 2683 1110 2756 είς997

98 2786 287 2864 συμμορίαν
303 2782 530 2866 ἐγγράφωσιν,
552 2777 576 2866 ή
593 2776 638 2847 ἀν
655 2781 855 2865 τριήραρχον
879 2784 1049 2845 καθιστῶ-

97 2896 169 2958 σιν;
181 2873 203 2963 ή
214 2872 258 2944 ἀν
268 2884 420 2964 στρατεία
432 2906 479 2958 τις
491 2873 530 2966 ᾗ,
547 2887 594 2968 τῷ
605 2883 708 2964 δῆλον
726 2884 816 2946 ἔσται
826 2876 966 2963 πότερός
978 2875 1049 2945 ἐσθ’

70 2974 114 3056 ςὸ
126 2980 393 3064 κατειλεγμένος;
418 2985 452 3046 τί
461 2979 513 3064 δὲ,
536 2975 579 3048 ἀν
590 2977 673 3066 άλλη
691 3006 740 3058 τις
750 2975 833 3064 ἀρχή
846 2983 990 3066 καθιστῇ
1003 2982 1050 3056 είς

96 3083 321 3161 λειτουργίαν,
333 3073 405 3144 οἷον
416 3076 543 3164 άρχων,
554 3077 721 3166 βασιλεὺς,
734 3074 935 3162 ἀθλοθέται,
947 3082 982 3143 τί
990 3096 1051 3161 σή-

96 3188 190 3260 μεῖον
207 3180 297 3242 ἔσται
313 3175 456 3261 πότερον
467 3185 682 3256 καθιστᾶσιυ;
703 3173 1051 3260 προσπαραγράψουσι

97 3301 138 3360 νή
127 3273 215 3341 Δια
232 3274 293 3343 τὸν
310 3278 345 3342 έκ
356 3273 615 3362 Πλαγγόνος,”
594 3304 637 3344 αν
655 3279 692 3344 σὲ
709 3276 940 3396 ἐγγράφωσιν,
959 3268 1046 3340 ἀνδ’

96 3372 168 3456 εμὲ,
190 3399 249 3457 της
261 3399 338 3458 εμης
354 3400 477 3461 μητρος
485 3400 643 3459 τουνομα
674 3375 775 3443 καί
740 3401 789 3454 τις
798 3373 922 3461 ηκουσε
933 3394 1051 3438 πωπο

97 3493 147 3553 τε,
169 3463 191 3550 ἦ
209 3469 291 3537 κατά
309 3485 407 3540 ποίου
424 3473 529 3560 νόμον
552 3470 878 3561 προσπαραγράφοιτ’
891 3467 935 3538 ἀν
950 3475 1050 3537 τοῦτο
