2370 3854
177 201 239 265 246
385 205 481 262 xxiv,
511 199 930 262 ΔΗΜΟΣΘΕΝΟῬΣ

178 371 368 450 νομοθετεῖ,
380 357 452 429 ἀλλ’
465 356 549 447 ὑπὲρ
562 351 611 427 οἷν
621 358 717 427 εἶπον
726 355 861 446 ἀρτίως,
873 370 943 441 πῦς
955 359 996 430 οῦ
1009 363 1135 442 δίκαιός

121 472 169 524 120
178 465 246 530 ἐστι
255 470 313 548 τῆς
323 461 460 547 ἐσχάτης
470 465 627 546 τιμωρίας
638 472 764 544 τνηεῖνς
779 456 821 527 οῦ
831 457 895 546 γάρ
908 461 949 547 δή
962 463 1032 546 ἐρεῖ
1038 487 1076 547 γε
1088 459 1135 540 ὥς
1143 473 1181 529 λδ

177 558 255 640 τοῦς
265 559 438 638 τοιούτους
450 557 492 626 οῦ
507 560 562 626 καὶ
573 558 798 645 προσήκεικαὶ
810 563 845 636 oc
852 559 951 646 νόμοι
961 558 1137 630 κελεῦουσι

176 675 247 739 ταῖς
257 665 422 746 μεγίσταις
431 665 603 745 τιμωρίαις
614 657 751 742 ἐνόχους
760 655 860 744 εἶναι,
883 656 957 726 οὐδ’
973 655 1017 738 ἀς
1029 651 1133 746 οῦτοι,

177 757 260 845 ὑπὲρ
270 755 319 830 νῦν
329 756 448 845 εὕρηκε
458 755 518 826 τόν
528 757 650 843 νόμον,
672 754 714 823 οῦ
725 757 780 824 καὶ
790 758 925 824 κλέπται
936 761 990 826 καὶ
1000 757 1136 844 ἱερόσυ-

179 867 231 927 λοί
241 864 312 942 εἰσι,
320 858 360 925 τά
371 859 432 944 μὲν
443 856 527 943 ίερά,
539 855 597 934 τάς
607 856 745 932 δεκάτας
755 861 813 941 τής
824 861 909 923 θεοῦ
920 861 975 924 καλ
985 855 1043 934 τὰς
1053 882 1135 924 πεν-

177 953 338 1045 τηκοστὰς
355 963 424 1022 τῶν
439 955 550 1023 ἀλλων
561 961 670 1040 θεῶν,
694 953 911 1040 σεσυληκότες
921 957 976 1024 καὶ
987 954 1060 1024 ἀντὶ
1072 964 1135 1024 τοῦ

178 1054 364 1123 ἀποδοῦναι
384 1051 479 1122 αῦτολ
500 1059 644 1139 ἔχοντες,
656 1051 697 1120 τά
709 1049 741 1120 δ’
755 1051 846 1137 ὅσια,
862 1050 1041 1138 ἀένίγνετο
1051 1051 1118 1140 ῦμέ

178 1179 266 1239 τερα,
279 1152 487 1239 κεκλοφότες.
511 1156 658 1238 διαφέρει
670 1154 705 1218 δὲ
717 1149 1002 1275 τοσοῦτοῆῦηῗν
1012 1151 1032 1240 ή
1044 1157 1136 1240 ίερο-

179 1259 276 1320 συλία
291 1260 359 1320 νῦν
375 1249 504 1338 ἀλλων,
527 1250 578 1319 ότι
594 1248 656 1336 τήν
673 1248 777 1337 ἀρχήν
794 1249 872 1318 οῦδὲ
889 1251 1079 1337 ανήνεγκαν
1089 1257 1136 1331 είς

79 1367 166 1465 121
178 1351 239 1439 τήν
250 1351 452 1438 ἀκρόπολιν,
471 1353 550 1419 δέον
559 1348 691 1442 αὐτοῦς.
725 1347 814 1435 οἶμαι
827 1347 914 1436 δλνή
927 1346 986 1418 τὸν
997 1356 1064 1418 Δία
1074 1349 1136 1418 τόν

165 1436 370 1537 Ὄλῦμπιον,
394 1442 421 1518 οά
438 1450 557 1535 ἀνδρες
575 1451 741 1534 δικασταὶ,
765 1446 828 1515 οῦκ
846 1445 911 1515 ἀπὸ
924 1449 1136 1534 ταυτομάτου

178 1551 238 1637 τήν
256 1549 356 1637 ὕβριν
366 1551 420 1617 καὶ
432 1545 493 1636 τήν
504 1546 737 1638 ὑπερηφανίαν
748 1549 902 1614 ἐπελθεῖν
912 1544 1135 1633 Ἀνδροτίωνι,

179 1645 253 1717 ἀλλ’
272 1644 338 1716 ῦπδ
356 1655 414 1734 τῆς
429 1653 514 1715 θεοῦ
531 1649 812 1731 ἐπιπεμφθεῖσαν,
828 1642 895 1728 ἵν’,
915 1642 1031 1729 ’ὥσπερ
1050 1651 1086 1714 ολ
1094 1645 1134 1714 τά

179 1745 367 1832 ἀκρωτήρια
387 1751 445 1833 τῆς
460 1751 568 1831 Νίκης
583 1745 821 1830 περικόψαντες
843 1740 1016 1812 ἀπόλοντο
1040 1741 1138 1814 αὐτοὶ

179 1841 239 1929 ὑφ’
258 1841 388 1926 αὑτοῦν,
411 1842 572 1936 οῦιῇααὶ
589 1835 683 1910 οῦτοι
699 1841 793 1911 αῦτοὶ
804 1840 917 1922 αῦτοῖς
929 1843 1137 1930 δικαζόμενοι

180 1939 368 2022 ἀπόλοιντο,
377 1941 431 2007 καὶ
440 1938 479 2007 τά
490 1941 638 2027 χρήματα
649 1951 826 2010 καταθεῖεν
837 1941 1039 2010 δεκαπλάσια
1051 1940 1137 2011 κατά

178 2038 256 2119 τοῦς
266 2039 390 2126 νόμους
403 2034 424 2125 ή
437 2043 575 2108 δεθεῖεν.

122 2150 169 2203 122
264 2138 432 2226 Βούλομαι
450 2136 483 2207 δ’
500 2136 597 2226 ῦμῖν,
621 2135 640 2209 δ’
657 2137 778 2224 μεταξὺ
795 2140 902 2223 λέγων
918 2138 993 2221 περὶ
1004 2136 1137 2204 τούτων

180 2237 412 2326 ἐνεθυμήθην,
436 2245 539 2307 εἰπεῖν
556 2229 687 2323 περλοῦ
697 2237 960 2323 τέθεικενόμου,
983 2235 1137 2323 παράδο-

179 2339 239 2417 ξόν
249 2365 295 2421 τι,
307 2337 505 2424 θαυμαστόν
516 2336 640 2424 ἡλίκον.
670 2329 768 2416 οῦτος
778 2335 860 2424 γάρ,
872 2326 900 2402 ιά
912 2332 1031 2419 άνδρες
1041 2337 1141 2402 δικα-

180 2438 263 2519 σταὶ,
274 2450 342 2514 τοῖς
353 2439 413 2520 μὲν
424 2434 464 2503 τά
475 2439 550 2521 τέλη
563 2435 764 2522 ὠνουμένοις
777 2442 899 2522 ἔγραφε
910 2431 969 2511 τάς
979 2439 1140 2520 τιμωρίας

181 2531 280 2616 εἶναι,
306 2537 336 2600 εί
352 2530 395 2619 μή
417 2534 636 2621 καταβάλοιεν
646 2532 687 2601 τά
699 2534 865 2619 χρήματα,
889 2529 972 2599 κατά
984 2531 1064 2612 τοῦς
1077 2534 1140 2603 νό-

180 2658 263 2718 μους
273 2629 353 2709 τοῦς
363 2633 560 2716 προτέρους,
583 2634 621 2699 ἐν
632 2627 682 2709 οἷς
692 2633 746 2700 καὶ
758 2628 776 2699 ὁ
788 2628 909 2716 δεσμός
920 2628 1004 2718 καλή
1019 2637 1140 2700 διπλα-

182 2736 236 2796 σία
247 2731 428 2816 γίγραπται
440 2727 650 2814 ἀνθρώποις,
664 2736 697 2798 οἳ
706 2728 760 2797 διά
771 2728 808 2798 τό
822 2735 1022 2816 ζημιοῦσθαι
1032 2734 1085 2799 ἐπὶ
1095 2740 1140 2818 τῇ

184 2823 254 2912 ἀνῇ
276 2825 413 2906 ἀκοντες
433 2832 572 2913 ἔμελλον
592 2825 654 2914 τήν
675 2828 776 2896 πόλιν
797 2827 982 2916 ἀδικήσειν·
1012 2842 1080 2908 τοῖς
1103 2827 1136 2896 δ’

182 2924 441 3012 ὑφαιρουμένοις
458 2926 496 2993 τά
516 2935 574 3013 τής
593 2927 720 3006 πόλεως
736 2929 790 2996 καὶ
805 2932 1017 3014 ἱεροσυλοῦσι
1028 2926 1139 3014 τάτής

182 3031 267 3095 θεοῦ
285 3022 345 3093 τόν
364 3022 486 3111 δεσμὸν
503 3023 647 3111 ἀφεῖλεν.
681 3032 787 3094 καίτοι
803 3032 834 3094 εί
846 3027 908 3114 μὲν
924 3027 1046 3095 ἐλάττω
1056 3027 1140 3094 τοῦ·

183 3151 261 3203 τους
278 3120 406 3192 ἀδικεῖν
422 3125 560 3192 ἐκείνων
575 3131 709 3212 νομίσαι
726 3124 859 3211 φήσεις,
882 3121 1010 3210 ἀνάγκη
1021 3130 1139 3210 μαίνε-

184 3230 267 3291 σθαί
279 3243 316 3290 σε
327 3220 517 3310 ὁμολογεῖν,
541 3229 571 3292 εί
581 3228 722 3309 δὲμειζω
733 3228 890 3308 νομίζων,
913 3219 1023 3306 ὥσπερ
1035 3225 1181 3310 &omma

184 3324 292 3387 ἐκεῖνα
309 3318 513 3409 τάδικήματα
529 3321 609 3401 τοῦς
624 3321 687 3407 μὲν
708 3318 821 3408 ἀφίης,
843 3319 922 3399 τοῦς
943 3321 979 3390 δὲ
989 3318 1051 3407 μή,
1074 3315 1139 3390 οῦκ

185 3417 247 3504 ήδη
258 3422 355 3505 δῆλος
367 3417 397 3486 εί
409 3420 583 3506 πεπρακὼς
593 3418 630 3490 τό
643 3428 777 3508 πρᾶγμα
789 3421 932 3500 τοῦτοις;
