2370 3854
352 213 491 276 ΠΡΟΣ
511 212 809 278 ΦΟΡΜΙΩΝΑ.
993 217 1056 282 397

105 401 143 462 γε
159 382 299 445 τοσοῦτο
317 380 457 461 χρυσίου
474 370 693 460 άποδιδόντα,
725 375 782 444 καί
798 378 900 444 πλέον
915 385 978 447 τοῦ
995 381 1054 446 δα-

107 480 295 562 νείσματος,
309 473 509 560 περιβόητον
520 487 629 540 ποιεῖν
639 474 678 540 ἐν
687 480 735 562 τῷ
744 475 906 566 ἐμπορίῳ,
924 479 980 545 καὶ
991 501 1056 546 πα-

107 582 262 658 ρακαλεῖν
280 572 406 651 πάντας
423 568 643 658 άυθράπους,
666 579 799 654 πρῶτον
816 576 853 639 δὲ
872 569 934 639 τόν
955 579 1056 644 παῖδα

61 669 165 750 ςοτὸν
176 670 301 738 τούτου
310 671 365 736 καὶ
375 667 437 738 τόν
447 668 630 737 κοινωνόν·
652 678 722 737 ίστε
737 667 802 753 γάρ
814 669 924 756 δήπου
935 673 1056 753 πάντες

105 769 156 838 ὅτι
178 773 383 849 δανείζονται
404 771 465 854 μὲν
485 763 551 852 μετ’
564 764 687 851 ὀλίγων
702 767 898 854 μαρτύρων,
921 767 1054 839 ὅτανδ’

105 865 297 954 άποδιδιόσι,
310 867 453 944 πολλοὺς
463 872 682 950 παρίστανται
697 867 883 953 μάρτυρας,
901 865 941 936 ἵν’
954 871 1057 937 ἔπιεν

104 981 172 1045 κεῑς
190 969 336 1034 δοκῶσιν
351 964 436 1032 είναι
452 969 527 1049 περί
543 964 584 1033 τά
600 967 798 1054 συμβόλαια.
828 968 881 1034 σοὶ
893 965 924 1035 δ’
938 965 1056 1037 άποδι-
1064 982 1118 1039 916

105 1063 198 1133 δόντι
208 1063 247 1132 τό
255 1090 290 1131 τε
298 1063 432 1131 δάνειον
441 1066 496 1131 καὶ
507 1062 938 1153 τοδςτόκουςάμῳοτόρους,
947 1070 1057 1153 ἑτερο·

104 1164 196 1254 πλόῳ
207 1171 252 1255 τῷ
264 1160 413 1252 άργυρίῳ
427 1165 627 1252 κεχρημένῳ,
645 1165 700 1230 καί
722 1167 936 1249 προστιθέντι
947 1168 1058 1250 ἑτέρας

102 1279 190 1351 τρεῖς
200 1268 340 1333 καλδέκα
351 1269 445 1349 μνᾶς,
453 1269 523 1338 πῶς
533 1259 606 1345 οὐχί
617 1263 760 1342 πολλοὺς
769 1255 814 1349 ἧν
824 1269 1057 1351 παραληπτέον

102 1366 291 1448 μάρτυραςς
313 1363 369 1429 καὶ
380 1366 410 1427 εί
417 1357 505 1429 τοῦτ’
517 1364 676 1448 ἔπραξας,
695 1359 769 1429 οὐδ’
784 1358 828 1430 άν
839 1361 884 1443 είς
896 1372 959 1432 σοῦ
969 1374 1056 1449 μάλ-

60 1487 91 1541 31
104 1470 165 1528 λον
182 1467 250 1526 τῶν
265 1459 437 1526 πλεόντων
454 1459 668 1544 ἐθαυμάζετο.
701 1457 744 1527 σύ
763 1458 796 1526 δ’
808 1457 882 1529 άυτὶ
898 1469 959 1528 τοῦ
971 1471 1055 1529 πολ-

105 1559 185 1638 λοὺς
194 1557 364 1645 μάρτυρας
379 1559 510 1626 τούτων
527 1568 695 1626 ποιεῖσθαι
713 1559 839 1637 πάντας
850 1556 1054 1644 ἀνθρώπους

103 1658 287 1725 λανθάνειν
305 1660 441 1742 ἐπειρῶ,
459 1656 569 1743 ὥσπερ
588 1654 715 1726 άδικάυ
731 1685 770 1726 τι.
805 1661 902 1728 καὶεί
910 1660 1055 1745 μὲνέμολ

103 1764 149 1848 τῳ
161 1761 351 1824 δανείσαντι
364 1753 558 1842 άπεδίδους,
575 1754 676 1826 οὐδὲν
694 1761 760 1825 ἔδει
777 1758 972 1844 μαρτύρων·
992 1756 1055 1844 τὴν

103 1855 168 1944 γὰρ
180 1853 381 1943 συγγραφὴν
397 1853 598 1941 ἀνελόμενος
614 1852 781 1943 άπήλλαξο
794 1850 838 1924 άυ
854 1864 915 1924 τοῦ
927 1864 1055 1944 συμβο-

103 1962 215 2024 λαίου·
238 1965 304 2023 νῦν
317 1954 347 2023 δ’
363 1952 426 2024 οὐκ
438 1957 509 2042 ἐμοὶ
515 2007 525 2040 ,
544 1953 613 2024 άλλ’
626 1957 726 2044 ἑτέρῳ
743 1953 826 2042 ὑπὲρ
843 1958 926 2042 ἐμοῦ
935 1954 1054 2024 άποδι-

104 2054 199 2142 δοδς,
221 2059 276 2123 καὶ
293 2053 356 2123 οὐκ
371 2053 569 2142 Ἀθήνησιν,
594 2053 662 2122 ἀλλ’
676 2059 714 2124 ἐν
723 2055 904 2142 Βοσπόρῳ,
925 2055 1054 2138 καὶτῆς

103 2161 300 2239 συγγραφῆς
311 2174 365 2221 σοι
377 2157 528 2238 κειμένης
536 2152 698 2238 Ἀθήνησι
709 2156 764 2220 καί
776 2150 860 2234 πρὸς
870 2155 943 2238 ἐμὲ,
961 2141 1055 2240 καλῳδ

102 2251 139 2318 τὸ
156 2257 295 2337 χρυσίου
311 2250 490 2326 ἀπεδίδους
504 2250 601 2329 ὄντος
620 2256 753 2336 θνητοῦ
769 2251 824 2317 καὶ
839 2253 980 2334 πέλαγος
997 2275 1056 2316 το·

103 2357 227 2417 τοῦτον
237 2352 415 2434 μέλλοντος
425 2355 530 2432 πλεῖν,
542 2349 695 2432 μάρτυρα
706 2344 814 2416 οὐδέν’
827 2349 981 2434 ἐποιήσω,
993 2347 1056 2415 οὔ·

58 2475 94 2527 ςς
103 2473 137 2515 τε
149 2452 273 2515 δοῦλον
285 2444 355 2515 οὔτ’
366 2447 559 2529 ἐλεύθερον.
583 2444 605 2532 ἡ
616 2444 681 2534 γάρ
693 2446 872 2533 συγγραφή
883 2473 940 2534 με,
961 2449 1053 2532 φησί,

101 2553 150 2634 τῷ
166 2545 346 2636 ναυκλήρῳ
363 2547 514 2613 ἐκέλευεν
531 2542 718 2612 ἀποδοῦναι
732 2546 769 2614 τό
786 2552 934 2632 χρυσίον.
967 2544 1057 2631 μάρ-

102 2673 205 2732 τυρας
221 2648 260 2714 δέ
276 2670 327 2712 τοι
343 2640 406 2712 οὐκ
425 2645 781 2729 ἐκάλυεπαραιιαλεῖυ,
804 2642 883 2712 οὐδὲ
904 2640 962 2721 τάς
982 2646 1056 2710 ἐπι,
1166 2648 1172 2655 ’

103 2745 222 2824 στολάς
240 2743 435 2814 ἀποδοῦναι.
458 2746 514 2811 καὶ
528 2748 596 2813 οἵδε
613 2745 674 2831 μὲν
685 2742 768 2831 πρός
785 2743 820 2811 σδ
833 2741 895 2809 δάο
907 2760 1055 2827 συγγρα-

26 2921 27 2924 *
103 2845 170 2929 φάς
187 2845 385 2929 ἐποιήσαντο
404 2841 487 2927 ὑπὲρ
505 2853 567 2912 τοῦ
586 2852 806 2932 συμβολαίου,
831 2838 876 2922 οἱς
892 2837 937 2909 άν
948 2843 983 2908 οί
990 2839 1055 2927 μά-

102 2940 188 3011 λιστ’
201 2940 433 3023 ἀπιστοῦντες·
452 2943 495 3010 σά
514 2942 549 3011 δὲ
566 2944 671 3029 μόνος
685 2943 777 3031 μόνῳ
794 2938 861 3030 φῂς
878 2944 998 3008 δοῦναι
1007 2945 1056 3026 τῷ

103 3041 280 3129 ναυκλήρῳ
290 3042 328 3110 τὸ
340 3049 489 3130 χρυσίον,
506 3041 600 3120 είδοδς
611 3040 695 3109 κατά
708 3049 772 3107 σου
782 3042 938 3123 κειμένην
951 3034 1055 3120 Ἀθή-

103 3162 179 3227 υησι
189 3140 390 3227 συγγραφὴν
400 3141 484 3225 πρὸς
494 3148 623 3208 τοῦτον.

59 3265 95 3321 33
186 3242 283 3324 Λέγει
300 3237 332 3306 δ’
348 3239 392 3320 άς
408 3238 429 3327 ἡ
448 3236 624 3326 συγγραφὴ
642 3242 805 3321 σωθείσης
822 3241 881 3320 τῆς
897 3229 980 3308 νειδς
991 3227 1053 3297 αό-

103 3339 163 3408 τὸυ
174 3335 363 3407 άποδοῦυαι
373 3337 501 3406 κελεύει
512 3335 552 3404 τά
562 3337 720 3424 χρήματα.
751 3334 804 3401 καὶ
815 3332 880 3418 γάρ
892 3332 1055 3398 ἐνθέσθαι

103 3434 338 3523 τάγοράσματα
350 3442 396 3515 είς
406 3434 469 3523 τὴν
479 3443 569 3503 ναῦν
579 3433 705 3502 κελεύει
716 3454 763 3519 σε,
775 3436 806 3499 εί
816 3430 852 3497 δὲ
862 3428 917 3517 μή,
930 3451 1055 3496 πεντα-

1072 3610 1132 3624 .ι*ι
