<?xml version="1.0" encoding="UTF-8"?>
<!DOCTYPE html PUBLIC "-//W3C//DTD XHTML 1.0 Transitional//EN"
    "http://www.w3.org/TR/xhtml1/DTD/xhtml1-transitional.dtd">
<html xmlns="http://www.w3.org/1999/xhtml" xml:lang="en" lang="en">
 <head>
  <title>
</title>
<meta http-equiv="Content-Type" content="text/html;charset=utf-8" />
  <meta name='ocr-system' content='tesseract 3.04.00' />
  <meta name='ocr-capabilities' content='ocr_page ocr_carea ocr_par ocr_line ocrx_word'/>
</head>
<body>
  <div class='ocr_page' id='page_1' title='image "./orationesexrece01demogoog_0331.png"; bbox 0 0 2370 3854; ppageno 0'>
   <div class='ocr_carea' id='block_1_1' title="bbox 148 190 915 257">
    <p class='ocr_par' dir='ltr' id='par_1_1' title="bbox 148 190 915 257">
     <span class='ocr_line' id='line_1_1' title="bbox 148 190 915 257; baseline -0.004 0"><span class='ocrx_word' id='word_1_1' title='bbox 148 193 211 257; x_wconf 78' lang='lat'><strong><em>³32</em></strong></span> <span class='ocrx_word' id='word_1_2' title='bbox 338 198 458 254; x_wconf 82' lang='lat' dir='ltr'>xxvlu.</span> <span class='ocrx_word' id='word_1_3' title='bbox 495 190 915 255; x_wconf 71' lang='grc' dir='ltr'><em>ΔΗΜΟΣΘΕΝΟΤΣ</em></span> 
     </span>
    </p>
   </div>
   <div class='ocr_carea' id='block_1_2' title="bbox 106 350 1162 3481">
    <p class='ocr_par' dir='ltr' id='par_1_2' title="bbox 149 350 1107 441">
     <span class='ocr_line' id='line_1_2' title="bbox 149 350 1107 441; baseline 0.001 -19"><span class='ocrx_word' id='word_1_4' title='bbox 149 359 320 441; x_wconf 85' lang='grc' dir='ltr'><strong><em>μισθῶσαί</em></strong></span> <span class='ocrx_word' id='word_1_5' title='bbox 333 378 369 422; x_wconf 82' lang='grc' dir='ltr'><strong><em>τε</em></strong></span> <span class='ocrx_word' id='word_1_6' title='bbox 385 351 445 419; x_wconf 90' lang='grc' dir='ltr'><strong><em>τόν</em></strong></span> <span class='ocrx_word' id='word_1_7' title='bbox 461 350 554 419; x_wconf 77' lang='grc' dir='ltr'><strong><em>οἶκον</em></strong></span> <span class='ocrx_word' id='word_1_8' title='bbox 572 355 627 419; x_wconf 84' lang='grc' dir='ltr'><strong><em>καὶ</em></strong></span> <span class='ocrx_word' id='word_1_9' title='bbox 643 355 871 419; x_wconf 87' lang='grc' dir='ltr'><strong><em>συνδιασῶσαί</em></strong></span> <span class='ocrx_word' id='word_1_10' title='bbox 884 376 941 438; x_wconf 89' lang='grc' dir='ltr'><strong><em>μοι</em></strong></span> <span class='ocrx_word' id='word_1_11' title='bbox 960 350 1024 439; x_wconf 78' lang='grc' dir='ltr'><strong><em>τὴν</em></strong></span> <span class='ocrx_word' id='word_1_12' title='bbox 1041 351 1107 423; x_wconf 82' lang='grc' dir='ltr'><strong><em>ού-</em></strong></span> 
     </span>
    </p>

    <p class='ocr_par' dir='ltr' id='par_1_3' title="bbox 108 447 1109 1224">
     <span class='ocr_line' id='line_1_3' title="bbox 108 447 1107 539; baseline -0.002 -18"><span class='ocrx_word' id='word_1_13' title='bbox 108 471 141 525; x_wconf 80' lang='grc'><strong><em>16</em></strong></span> <span class='ocrx_word' id='word_1_14' title='bbox 150 458 241 536; x_wconf 89' lang='grc' dir='ltr'><strong><em>σίαν,</em></strong></span> <span class='ocrx_word' id='word_1_15' title='bbox 254 449 367 531; x_wconf 85' lang='grc' dir='ltr'><strong><em>διδούς</em></strong></span> <span class='ocrx_word' id='word_1_16' title='bbox 376 448 444 538; x_wconf 84' lang='grc' dir='ltr'><strong><em>ἀμα</em></strong></span> <span class='ocrx_word' id='word_1_17' title='bbox 455 476 490 518; x_wconf 89' lang='grc' dir='ltr'><strong><em>τε</em></strong></span> <span class='ocrx_word' id='word_1_18' title='bbox 502 454 691 539; x_wconf 75' lang='grc' dir='ltr'><em>Θηριππίδῃ</em></span> <span class='ocrx_word' id='word_1_19' title='bbox 699 447 758 528; x_wconf 85' lang='grc' dir='ltr'><strong><em>τάς</em></strong></span> <span class='ocrx_word' id='word_1_20' title='bbox 768 450 996 538; x_wconf 80' lang='grc' dir='ltr'><strong><em>ἑβδομήκοντα</em></strong></span> <span class='ocrx_word' id='word_1_21' title='bbox 1006 458 1107 539; x_wconf 84' lang='grc' dir='ltr'><strong><em>μνᾶς,</em></strong></span> 
     </span>
     <span class='ocr_line' id='line_1_4' title="bbox 149 545 1108 640; baseline -0.001 -22"><span class='ocrx_word' id='word_1_22' title='bbox 149 554 204 618; x_wconf 75' lang='grc' dir='ltr'><strong><em>καί</em></strong></span> <span class='ocrx_word' id='word_1_23' title='bbox 220 550 327 640; x_wconf 73' lang='grc' dir='ltr'><strong><em>τούτῳ</em></strong></span> <span class='ocrx_word' id='word_1_24' title='bbox 343 548 405 635; x_wconf 89' lang='grc' dir='ltr'><strong><em>τη’ν</em></strong></span> <span class='ocrx_word' id='word_1_25' title='bbox 420 546 450 616; x_wconf 86' lang='grc' dir='ltr'><strong><em>τ’</em></strong></span> <span class='ocrx_word' id='word_1_26' title='bbox 469 547 552 635; x_wconf 74' lang='grc' dir='ltr'><strong><em>ἐμὴν</em></strong></span> <span class='ocrx_word' id='word_1_27' title='bbox 562 552 685 635; x_wconf 81' lang='grc' dir='ltr'><strong><em>μητέρα</em></strong></span> <span class='ocrx_word' id='word_1_28' title='bbox 696 550 826 633; x_wconf 81' lang='grc' dir='ltr'><strong><em>ἐγγυῶν</em></strong></span> <span class='ocrx_word' id='word_1_29' title='bbox 837 550 890 615; x_wconf 75' lang='grc' dir='ltr'><strong><em>ἐπὶ</em></strong></span> <span class='ocrx_word' id='word_1_30' title='bbox 899 562 968 628; x_wconf 83' lang='grc' dir='ltr'><strong><em>ταῖς</em></strong></span> <span class='ocrx_word' id='word_1_31' title='bbox 980 545 1108 635; x_wconf 77' lang='grc' dir='ltr'><strong><em>ἀγδοή-</em></strong></span> 
     </span>
     <span class='ocr_line' id='line_1_5' title="bbox 149 639 1109 735; baseline -0.003 -18"><span class='ocrx_word' id='word_1_32' title='bbox 149 675 250 717; x_wconf 91' lang='grc' dir='ltr'><strong><em>κοντα</em></strong></span> <span class='ocrx_word' id='word_1_33' title='bbox 266 661 377 735; x_wconf 79' lang='grc' dir='ltr'><strong><em>μναῖς,</em></strong></span> <span class='ocrx_word' id='word_1_34' title='bbox 399 645 481 733; x_wconf 68' lang='grc' dir='ltr'><strong><em>κάμὲ</em></strong></span> <span class='ocrx_word' id='word_1_35' title='bbox 497 653 544 726; x_wconf 87' lang='grc' dir='ltr'><strong><em>είς</em></strong></span> <span class='ocrx_word' id='word_1_36' title='bbox 560 645 600 714; x_wconf 80' lang='grc' dir='ltr'><strong><em>τοὶ</em></strong></span> <span class='ocrx_word' id='word_1_37' title='bbox 621 646 743 715; x_wconf 87' lang='grc' dir='ltr'><strong><em>τούτου</em></strong></span> <span class='ocrx_word' id='word_1_38' title='bbox 764 645 890 731; x_wconf 88' lang='grc' dir='ltr'><strong><em>γόνατα</em></strong></span> <span class='ocrx_word' id='word_1_39' title='bbox 910 651 1030 725; x_wconf 86' lang='grc' dir='ltr'><strong><em>τιθείς·</em></strong></span> <span class='ocrx_word' id='word_1_40' title='bbox 1054 639 1109 715; x_wconf 85' lang='grc' dir='ltr'><strong><em>ῶν</em></strong></span> 
     </span>
     <span class='ocr_line' id='line_1_6' title="bbox 149 738 1109 830; baseline -0.003 -15"><span class='ocrx_word' id='word_1_41' title='bbox 149 738 246 826; x_wconf 92' lang='grc' dir='ltr'><strong><em>οὑτος</em></strong></span> <span class='ocrx_word' id='word_1_42' title='bbox 257 744 275 815; x_wconf 88' lang='grc' dir='ltr'><strong><em>ὑ</em></strong></span> <span class='ocrx_word' id='word_1_43' title='bbox 288 747 422 815; x_wconf 82' lang='grc' dir='ltr'><strong><em>πάντων</em></strong></span> <span class='ocrx_word' id='word_1_44' title='bbox 433 743 627 830; x_wconf 77' lang='grc' dir='ltr'><strong><em>ἀνθρώπων</em></strong></span> <span class='ocrx_word' id='word_1_45' title='bbox 637 741 859 822; x_wconf 73' lang='grc' dir='ltr'><strong><em>ἀνοσιώτατος</em></strong></span> <span class='ocrx_word' id='word_1_46' title='bbox 870 739 993 811; x_wconf 82' lang='grc' dir='ltr'><strong><em>ούδίνα</em></strong></span> <span class='ocrx_word' id='word_1_47' title='bbox 1001 743 1109 829; x_wconf 90' lang='grc' dir='ltr'><strong><em>λόγον</em></strong></span> 
     </span>
     <span class='ocr_line' id='line_1_7' title="bbox 149 839 1106 932; baseline -0.003 -18"><span class='ocrx_word' id='word_1_48' title='bbox 149 844 341 932; x_wconf 77' lang='grc' dir='ltr'><strong><em>ἐποιήσατο,</em></strong></span> <span class='ocrx_word' id='word_1_49' title='bbox 363 844 478 927; x_wconf 89' lang='grc' dir='ltr'><strong><em>κύριος</em></strong></span> <span class='ocrx_word' id='word_1_50' title='bbox 495 851 564 910; x_wconf 87' lang='grc' dir='ltr'><strong><em>τῶν</em></strong></span> <span class='ocrx_word' id='word_1_51' title='bbox 580 844 670 928; x_wconf 76' lang='grc' dir='ltr'><strong><em>ἐμῶν</em></strong></span> <span class='ocrx_word' id='word_1_52' title='bbox 690 840 870 929; x_wconf 87' lang='grc' dir='ltr'><strong><em>γενόμενος</em></strong></span> <span class='ocrx_word' id='word_1_53' title='bbox 890 843 943 909; x_wconf 78' lang='grc' dir='ltr'><strong><em>ἐπὶ</em></strong></span> <span class='ocrx_word' id='word_1_54' title='bbox 963 839 1106 932; x_wconf 75' lang='grc' dir='ltr'><strong><em>τούτοις,</em></strong></span> 
     </span>
     <span class='ocr_line' id='line_1_8' title="bbox 158 935 1108 1029; baseline -0.003 -18"><span class='ocrx_word' id='word_1_55' title='bbox 158 941 241 1011; x_wconf 81' lang='grc' dir='ltr'><strong><em>ἀλλὰ</em></strong></span> <span class='ocrx_word' id='word_1_56' title='bbox 260 941 300 1011; x_wconf 79' lang='grc' dir='ltr'><strong><em>τὰ</em></strong></span> <span class='ocrx_word' id='word_1_57' title='bbox 324 940 472 1029; x_wconf 81' lang='grc' dir='ltr'><strong><em>χρήματά</em></strong></span> <span class='ocrx_word' id='word_1_58' title='bbox 492 967 533 1027; x_wconf 87' lang='grc' dir='ltr'><strong><em>με</em></strong></span> <span class='ocrx_word' id='word_1_59' title='bbox 555 940 662 1008; x_wconf 81' lang='grc' dir='ltr'><strong><em>πάντα</em></strong></span> <span class='ocrx_word' id='word_1_60' title='bbox 682 935 914 1026; x_wconf 85' lang='grc' dir='ltr'><strong><em>ἀπεστερηκῶς</em></strong></span> <span class='ocrx_word' id='word_1_61' title='bbox 934 940 1015 1026; x_wconf 80' lang='grc' dir='ltr'><strong><em>μετὰ</em></strong></span> <span class='ocrx_word' id='word_1_62' title='bbox 1036 948 1108 1008; x_wconf 87' lang='grc' dir='ltr'><strong><em>τῶν</em></strong></span> 
     </span>
     <span class='ocr_line' id='line_1_9' title="bbox 151 1034 1107 1125; baseline 0 -18"><span class='ocrx_word' id='word_1_63' title='bbox 151 1038 403 1123; x_wconf 77' lang='grc' dir='ltr'><strong><em>συνεπιτρόπων</em></strong></span> <span class='ocrx_word' id='word_1_64' title='bbox 413 1042 577 1106; x_wconf 74' lang='grc' dir='ltr'><strong><em>ἐλεεῖσθαι</em></strong></span> <span class='ocrx_word' id='word_1_65' title='bbox 587 1044 653 1105; x_wconf 82' lang='grc' dir='ltr'><strong><em>νῦν</em></strong></span> <span class='ocrx_word' id='word_1_66' title='bbox 665 1034 726 1123; x_wconf 87' lang='grc' dir='ltr'><strong><em>ὑφ’</em></strong></span> <span class='ocrx_word' id='word_1_67' title='bbox 741 1035 838 1124; x_wconf 88' lang='grc' dir='ltr'><strong><em>ὑμῶν</em></strong></span> <span class='ocrx_word' id='word_1_68' title='bbox 849 1035 997 1124; x_wconf 78' lang='grc' dir='ltr'><strong><em>ἀξιῶσει,</em></strong></span> <span class='ocrx_word' id='word_1_69' title='bbox 1009 1046 1107 1125; x_wconf 87' lang='grc' dir='ltr'><strong><em>μνῶν</em></strong></span> 
     </span>
     <span class='ocr_line' id='line_1_10' title="bbox 151 1127 1107 1224; baseline -0.001 -19"><span class='ocrx_word' id='word_1_70' title='bbox 151 1127 225 1205; x_wconf 78' lang='grc' dir='ltr'><strong><em>οὐδ’</em></strong></span> <span class='ocrx_word' id='word_1_71' title='bbox 239 1136 464 1224; x_wconf 77' lang='grc' dir='ltr'><strong><em>ἑβδομήκοντα</em></strong></span> <span class='ocrx_word' id='word_1_72' title='bbox 475 1136 550 1217; x_wconf 78' lang='grc' dir='ltr'><strong><em>ἀξια</em></strong></span> <span class='ocrx_word' id='word_1_73' title='bbox 560 1142 668 1222; x_wconf 78' lang='grc' dir='ltr'><strong><em>τρίτος</em></strong></span> <span class='ocrx_word' id='word_1_74' title='bbox 678 1132 778 1215; x_wconf 82' lang='grc' dir='ltr'><strong><em>αὑτός</em></strong></span> <span class='ocrx_word' id='word_1_75' title='bbox 788 1132 1006 1215; x_wconf 81' lang='grc' dir='ltr'><strong><em>ἀποδεδοκῶς</em></strong></span> <span class='ocrx_word' id='word_1_76' title='bbox 1013 1186 1023 1220; x_wconf 95' lang='grc'><strong><em>,</em></strong></span> <span class='ocrx_word' id='word_1_77' title='bbox 1036 1134 1107 1204; x_wconf 84' lang='grc' dir='ltr'><strong><em>είτα</em></strong></span> 
     </span>
    </p>

    <p class='ocr_par' dir='ltr' id='par_1_4' title="bbox 111 1231 1162 2499">
     <span class='ocr_line' id='line_1_11' title="bbox 111 1231 1108 1323; baseline -0.002 -19"><span class='ocrx_word' id='word_1_78' title='bbox 111 1238 206 1304; x_wconf 70' lang='lat' dir='ltr'><strong><em>mal</em></strong></span> <span class='ocrx_word' id='word_1_79' title='bbox 216 1235 346 1315; x_wconf 89' lang='grc' dir='ltr'><strong><em>τούτοις</em></strong></span> <span class='ocrx_word' id='word_1_80' title='bbox 356 1232 468 1315; x_wconf 80' lang='grc' dir='ltr'><strong><em>αὐτοῖς</em></strong></span> <span class='ocrx_word' id='word_1_81' title='bbox 478 1233 578 1304; x_wconf 86' lang='grc' dir='ltr'><strong><em>πόλιν</em></strong></span> <span class='ocrx_word' id='word_1_82' title='bbox 589 1234 881 1323; x_wconf 76' lang='grc' dir='ltr'><strong><em>ἐπιβεβουλευκώς.</em></strong></span> <span class='ocrx_word' id='word_1_83' title='bbox 917 1231 1108 1321; x_wconf 82' lang='grc' dir='ltr'><strong><em>ῶςγάρτάς</em></strong></span> 
     </span>
     <span class='ocr_line' id='line_1_12' title="bbox 152 1330 1109 1420; baseline 0.001 -19"><span class='ocrx_word' id='word_1_84' title='bbox 152 1338 245 1413; x_wconf 87' lang='grc' dir='ltr'><strong><em>δίκας</em></strong></span> <span class='ocrx_word' id='word_1_85' title='bbox 261 1333 382 1412; x_wconf 87' lang='grc' dir='ltr'><strong><em>ταύτας</em></strong></span> <span class='ocrx_word' id='word_1_86' title='bbox 398 1338 535 1420; x_wconf 80' lang='grc' dir='ltr'><strong><em>ἔμελλον</em></strong></span> <span class='ocrx_word' id='word_1_87' title='bbox 552 1337 687 1403; x_wconf 79' lang='grc' dir='ltr'><strong><em>εἰσιέναι</em></strong></span> <span class='ocrx_word' id='word_1_88' title='bbox 697 1330 770 1400; x_wconf 91' lang='grc' dir='ltr'><strong><em>κατ’</em></strong></span> <span class='ocrx_word' id='word_1_89' title='bbox 786 1330 913 1418; x_wconf 86' lang='grc' dir='ltr'><strong><em>αὑτῶν,</em></strong></span> <span class='ocrx_word' id='word_1_90' title='bbox 935 1331 1109 1402; x_wconf 72' lang='grc' dir='ltr'><strong><em>ἀντίδοσιν</em></strong></span> 
     </span>
     <span class='ocr_line' id='line_1_13' title="bbox 152 1427 1108 1518; baseline 0 -20"><span class='ocrx_word' id='word_1_91' title='bbox 152 1430 206 1499; x_wconf 77' lang='grc' dir='ltr'><strong><em>ἐπ’</em></strong></span> <span class='ocrx_word' id='word_1_92' title='bbox 223 1434 278 1518; x_wconf 77' lang='grc' dir='ltr'><strong><em>ἐμὲ</em></strong></span> <span class='ocrx_word' id='word_1_93' title='bbox 294 1431 564 1518; x_wconf 80' lang='grc' dir='ltr'><strong><em>παρεσκεύασαν,</em></strong></span> <span class='ocrx_word' id='word_1_94' title='bbox 586 1428 633 1499; x_wconf 78' lang='grc' dir='ltr'><strong><em>ἵν’</em></strong></span> <span class='ocrx_word' id='word_1_95' title='bbox 645 1437 676 1499; x_wconf 90' lang='grc' dir='ltr'><strong><em>εί</em></strong></span> <span class='ocrx_word' id='word_1_96' title='bbox 683 1430 746 1518; x_wconf 75' lang='grc' dir='ltr'><strong><em>μὲν</em></strong></span> <span class='ocrx_word' id='word_1_97' title='bbox 758 1427 943 1517; x_wconf 79' lang='grc' dir='ltr'><strong><em>ἀντιδοίην,</em></strong></span> <span class='ocrx_word' id='word_1_98' title='bbox 965 1429 1010 1517; x_wconf 81' lang='grc' dir='ltr'><strong><em>μὴ</em></strong></span> <span class='ocrx_word' id='word_1_99' title='bbox 1022 1432 1108 1517; x_wconf 77' lang='grc' dir='ltr'><strong><em>ἐξείη</em></strong></span> 
     </span>
     <span class='ocr_line' id='line_1_14' title="bbox 154 1526 1109 1618; baseline -0.003 -20"><span class='ocrx_word' id='word_1_100' title='bbox 154 1557 210 1618; x_wconf 88' lang='grc' dir='ltr'><strong><em>μοι</em></strong></span> <span class='ocrx_word' id='word_1_101' title='bbox 227 1528 309 1617; x_wconf 85' lang='grc' dir='ltr'><strong><em>πρός</em></strong></span> <span class='ocrx_word' id='word_1_102' title='bbox 324 1528 446 1609; x_wconf 84' lang='grc' dir='ltr'><strong><em>αὑτούς</em></strong></span> <span class='ocrx_word' id='word_1_103' title='bbox 463 1528 642 1598; x_wconf 72' lang='grc' dir='ltr'><strong><em>ἀντιδικεῖν</em></strong></span> <span class='ocrx_word' id='word_1_104' title='bbox 659 1526 702 1607; x_wconf 84' lang='grc' dir='ltr'><strong><em>ῶς</em></strong></span> <span class='ocrx_word' id='word_1_105' title='bbox 720 1529 775 1596; x_wconf 84' lang='grc' dir='ltr'><strong><em>καὶ</em></strong></span> <span class='ocrx_word' id='word_1_106' title='bbox 783 1535 852 1594; x_wconf 89' lang='grc' dir='ltr'><strong><em>τῶν</em></strong></span> <span class='ocrx_word' id='word_1_107' title='bbox 863 1532 967 1596; x_wconf 88' lang='grc' dir='ltr'><strong><em>δικῶν</em></strong></span> <span class='ocrx_word' id='word_1_108' title='bbox 975 1528 1109 1596; x_wconf 79' lang='grc' dir='ltr'><strong><em>τούτων</em></strong></span> 
     </span>
     <span class='ocr_line' id='line_1_15' title="bbox 154 1625 1162 1714; baseline -0.001 -18"><span class='ocrx_word' id='word_1_109' title='bbox 154 1636 216 1696; x_wconf 82' lang='grc' dir='ltr'><strong><em>τοῦ</em></strong></span> <span class='ocrx_word' id='word_1_110' title='bbox 232 1626 423 1706; x_wconf 79' lang='grc' dir='ltr'><strong><em>ἀντιδόντος</em></strong></span> <span class='ocrx_word' id='word_1_111' title='bbox 439 1631 661 1714; x_wconf 81' lang='grc' dir='ltr'><strong><em>γιγνομένων,</em></strong></span> <span class='ocrx_word' id='word_1_112' title='bbox 683 1633 715 1695; x_wconf 90' lang='grc' dir='ltr'><strong><em>εί</em></strong></span> <span class='ocrx_word' id='word_1_113' title='bbox 729 1627 765 1694; x_wconf 71' lang='grc' dir='ltr'><strong><em>δὲ</em></strong></span> <span class='ocrx_word' id='word_1_114' title='bbox 775 1625 879 1712; x_wconf 72' lang='grc' dir='ltr'><strong><em>μηδὲν</em></strong></span> <span class='ocrx_word' id='word_1_115' title='bbox 889 1626 1020 1695; x_wconf 83' lang='grc' dir='ltr'><strong><em>τούτων</em></strong></span> <span class='ocrx_word' id='word_1_116' title='bbox 1030 1648 1107 1694; x_wconf 86' lang='grc' dir='ltr'><strong><em>ποι-</em></strong></span> <span class='ocrx_word' id='word_1_117' title='bbox 1113 1638 1162 1696; x_wconf 75' lang='lat'><strong><em>841</em></strong></span> 
     </span>
     <span class='ocr_line' id='line_1_16' title="bbox 154 1723 1107 1812; baseline 0 -18"><span class='ocrx_word' id='word_1_118' title='bbox 154 1733 244 1812; x_wconf 91' lang='grc' dir='ltr'><strong><em>οίηυ,</em></strong></span> <span class='ocrx_word' id='word_1_119' title='bbox 266 1723 312 1793; x_wconf 81' lang='grc' dir='ltr'><strong><em>ἵν’</em></strong></span> <span class='ocrx_word' id='word_1_120' title='bbox 332 1727 367 1792; x_wconf 82' lang='grc' dir='ltr'><strong><em>ἐκ</em></strong></span> <span class='ocrx_word' id='word_1_121' title='bbox 383 1731 537 1812; x_wconf 81' lang='grc' dir='ltr'><strong><em>βραχείαις</em></strong></span> <span class='ocrx_word' id='word_1_122' title='bbox 553 1723 668 1805; x_wconf 78' lang='grc' dir='ltr'><strong><em>οὐσίας</em></strong></span> <span class='ocrx_word' id='word_1_123' title='bbox 683 1733 886 1811; x_wconf 72' lang='grc' dir='ltr'><strong><em>λειτουργῶν</em></strong></span> <span class='ocrx_word' id='word_1_124' title='bbox 895 1725 1107 1794; x_wconf 89' lang='grc' dir='ltr'><strong><em>παντάπασιν</em></strong></span> 
     </span>
     <span class='ocr_line' id='line_1_17' title="bbox 153 1821 1107 1912; baseline 0 -21"><span class='ocrx_word' id='word_1_125' title='bbox 153 1823 374 1909; x_wconf 80' lang='grc' dir='ltr'><strong><em>ἀναιρεθείην.</em></strong></span> <span class='ocrx_word' id='word_1_126' title='bbox 407 1827 462 1893; x_wconf 74' lang='grc' dir='ltr'><strong><em>καὶ</em></strong></span> <span class='ocrx_word' id='word_1_127' title='bbox 472 1822 564 1892; x_wconf 84' lang='grc' dir='ltr'><strong><em>τοῦτ’</em></strong></span> <span class='ocrx_word' id='word_1_128' title='bbox 577 1822 689 1903; x_wconf 77' lang='grc' dir='ltr'><strong><em>αὑτοῖς</em></strong></span> <span class='ocrx_word' id='word_1_129' title='bbox 699 1821 883 1912; x_wconf 76' lang='grc' dir='ltr'><strong><em>ὑπηρέτησε</em></strong></span> <span class='ocrx_word' id='word_1_130' title='bbox 895 1821 1107 1910; x_wconf 78' lang='grc' dir='ltr'><strong><em>Θρασύλοχος</em></strong></span> 
     </span>
     <span class='ocr_line' id='line_1_18' title="bbox 152 1913 1105 2011; baseline 0.001 -22"><span class='ocrx_word' id='word_1_131' title='bbox 152 1921 170 1989; x_wconf 90' lang='grc' dir='ltr'><strong><em>ό</em></strong></span> <span class='ocrx_word' id='word_1_132' title='bbox 188 1918 437 2007; x_wconf 74' lang='grc' dir='ltr'><strong><em>Ἀναγυράσιος·</em></strong></span> <span class='ocrx_word' id='word_1_133' title='bbox 464 1913 493 2011; x_wconf 70' lang='grc' dir='ltr'><strong><em>μ’</em></strong></span> <span class='ocrx_word' id='word_1_134' title='bbox 512 1921 641 1989; x_wconf 83' lang='grc' dir='ltr'><strong><em>τούτων</em></strong></span> <span class='ocrx_word' id='word_1_135' title='bbox 662 1919 764 1989; x_wconf 75' lang='grc' dir='ltr'><strong><em>οὐδὲν</em></strong></span> <span class='ocrx_word' id='word_1_136' title='bbox 783 1923 988 2009; x_wconf 80' lang='grc' dir='ltr'><strong><em>ἐνθυμηθεὶς</em></strong></span> <span class='ocrx_word' id='word_1_137' title='bbox 1009 1917 1105 1990; x_wconf 81' lang='grc' dir='ltr'><strong><em>ἀντέ-</em></strong></span> 
     </span>
     <span class='ocr_line' id='line_1_19' title="bbox 152 2016 1103 2105; baseline 0 -18"><span class='ocrx_word' id='word_1_138' title='bbox 152 2023 243 2087; x_wconf 86' lang='grc' dir='ltr'><strong><em>δωκα</em></strong></span> <span class='ocrx_word' id='word_1_139' title='bbox 259 2017 337 2104; x_wconf 72' lang='grc' dir='ltr'><strong><em>μὲν,</em></strong></span> <span class='ocrx_word' id='word_1_140' title='bbox 360 2016 537 2087; x_wconf 82' lang='grc' dir='ltr'><strong><em>ἀπέκλεισα</em></strong></span> <span class='ocrx_word' id='word_1_141' title='bbox 553 2019 589 2087; x_wconf 73' lang='grc' dir='ltr'><strong><em>δὲ</em></strong></span> <span class='ocrx_word' id='word_1_142' title='bbox 610 2017 654 2099; x_wconf 88' lang='grc' dir='ltr'><strong><em>ῶς</em></strong></span> <span class='ocrx_word' id='word_1_143' title='bbox 672 2023 875 2098; x_wconf 84' lang='grc' dir='ltr'><strong><em>διαδικασίας</em></strong></span> <span class='ocrx_word' id='word_1_144' title='bbox 892 2018 1103 2105; x_wconf 83' lang='grc' dir='ltr'><strong><em>τευξόμενος·</em></strong></span> 
     </span>
     <span class='ocr_line' id='line_1_20' title="bbox 151 2114 1103 2205; baseline 0 -21"><span class='ocrx_word' id='word_1_145' title='bbox 151 2114 192 2185; x_wconf 83' lang='grc' dir='ltr'><strong><em>ού</em></strong></span> <span class='ocrx_word' id='word_1_146' title='bbox 203 2118 313 2203; x_wconf 81' lang='grc' dir='ltr'><strong><em>τυχῶν</em></strong></span> <span class='ocrx_word' id='word_1_147' title='bbox 324 2117 360 2186; x_wconf 72' lang='grc' dir='ltr'><strong><em>δὲ</em></strong></span> <span class='ocrx_word' id='word_1_148' title='bbox 370 2116 508 2205; x_wconf 86' lang='grc' dir='ltr'><strong><em>ταύτης,</em></strong></span> <span class='ocrx_word' id='word_1_149' title='bbox 520 2125 589 2185; x_wconf 91' lang='grc' dir='ltr'><strong><em>τῶν</em></strong></span> <span class='ocrx_word' id='word_1_150' title='bbox 598 2117 730 2204; x_wconf 82' lang='grc' dir='ltr'><strong><em>χρόνων</em></strong></span> <span class='ocrx_word' id='word_1_151' title='bbox 740 2115 903 2203; x_wconf 80' lang='grc' dir='ltr'><strong><em>ὑπογύων</em></strong></span> <span class='ocrx_word' id='word_1_152' title='bbox 912 2116 1037 2202; x_wconf 84' lang='grc' dir='ltr'><strong><em>ὄντων,</em></strong></span> <span class='ocrx_word' id='word_1_153' title='bbox 1048 2120 1103 2185; x_wconf 81' lang='grc' dir='ltr'><strong><em>ἵνα</em></strong></span> 
     </span>
     <span class='ocr_line' id='line_1_21' title="bbox 149 2213 1103 2303; baseline 0.001 -19"><span class='ocrx_word' id='word_1_154' title='bbox 149 2213 194 2301; x_wconf 77' lang='grc' dir='ltr'><strong><em>μὴ</em></strong></span> <span class='ocrx_word' id='word_1_155' title='bbox 207 2225 360 2302; x_wconf 76' lang='grc' dir='ltr'><strong><em>στερηθῶ</em></strong></span> <span class='ocrx_word' id='word_1_156' title='bbox 370 2224 440 2285; x_wconf 90' lang='grc' dir='ltr'><strong><em>τῶν</em></strong></span> <span class='ocrx_word' id='word_1_157' title='bbox 452 2222 566 2303; x_wconf 87' lang='grc' dir='ltr'><strong><em>δικῶν,</em></strong></span> <span class='ocrx_word' id='word_1_158' title='bbox 577 2214 714 2285; x_wconf 79' lang='grc' dir='ltr'><strong><em>ἀπέτισα</em></strong></span> <span class='ocrx_word' id='word_1_159' title='bbox 727 2213 789 2303; x_wconf 79' lang='grc' dir='ltr'><strong><em>τὴν</em></strong></span> <span class='ocrx_word' id='word_1_160' title='bbox 800 2221 1008 2301; x_wconf 88' lang='grc' dir='ltr'><strong><em>λειτουργίαν</em></strong></span> <span class='ocrx_word' id='word_1_161' title='bbox 1018 2214 1103 2285; x_wconf 86' lang='grc' dir='ltr'><strong><em>ὑπο-</em></strong></span> 
     </span>
     <span class='ocr_line' id='line_1_22' title="bbox 149 2312 1103 2404; baseline 0.002 -23"><span class='ocrx_word' id='word_1_162' title='bbox 149 2315 222 2392; x_wconf 80' lang='grc' dir='ltr'><strong><em>θεὶς</em></strong></span> <span class='ocrx_word' id='word_1_163' title='bbox 238 2312 301 2400; x_wconf 75' lang='grc' dir='ltr'><strong><em>τὴν</em></strong></span> <span class='ocrx_word' id='word_1_164' title='bbox 317 2317 497 2384; x_wconf 82' lang='grc' dir='ltr'><strong><em>οίκίανκαὶ</em></strong></span> <span class='ocrx_word' id='word_1_165' title='bbox 513 2312 684 2402; x_wconf 85' lang='grc' dir='ltr'><strong><em>τάμαυτοῦ</em></strong></span> <span class='ocrx_word' id='word_1_166' title='bbox 694 2315 820 2402; x_wconf 89' lang='grc' dir='ltr'><strong><em>πάντα,</em></strong></span> <span class='ocrx_word' id='word_1_167' title='bbox 842 2315 1048 2404; x_wconf 85' lang='grc' dir='ltr'><strong><em>βουλόμενος</em></strong></span> <span class='ocrx_word' id='word_1_168' title='bbox 1056 2319 1103 2395; x_wconf 85' lang='grc' dir='ltr'><strong><em>είς</em></strong></span> 
     </span>
     <span class='ocr_line' id='line_1_23' title="bbox 150 2408 851 2499; baseline 0.009 -23"><span class='ocrx_word' id='word_1_169' title='bbox 150 2408 236 2496; x_wconf 80' lang='grc' dir='ltr'><strong><em>ὑμᾶς</em></strong></span> <span class='ocrx_word' id='word_1_170' title='bbox 248 2420 411 2483; x_wconf 80' lang='grc' dir='ltr'><strong><em>είσελθεϊν</em></strong></span> <span class='ocrx_word' id='word_1_171' title='bbox 421 2412 478 2493; x_wconf 85' lang='grc' dir='ltr'><strong><em>τάς</em></strong></span> <span class='ocrx_word' id='word_1_172' title='bbox 490 2412 573 2499; x_wconf 87' lang='grc' dir='ltr'><strong><em>πρός</em></strong></span> <span class='ocrx_word' id='word_1_173' title='bbox 585 2417 739 2482; x_wconf 77' lang='grc' dir='ltr'><strong><em>τουτουσὶ</em></strong></span> <span class='ocrx_word' id='word_1_174' title='bbox 750 2419 851 2494; x_wconf 84' lang='grc' dir='ltr'><strong><em>δίκας.</em></strong></span> 
     </span>
    </p>

    <p class='ocr_par' dir='ltr' id='par_1_5' title="bbox 106 2502 1103 3481">
     <span class='ocr_line' id='line_1_24' title="bbox 106 2502 1102 2601; baseline 0.002 -24"><span class='ocrx_word' id='word_1_175' title='bbox 106 2546 143 2601; x_wconf 74' lang='lat'><strong><em>13</em></strong></span> <span class='ocrx_word' id='word_1_176' title='bbox 230 2502 300 2595; x_wconf 71' lang='grc' dir='ltr'><strong><em>Ἆρ’</em></strong></span> <span class='ocrx_word' id='word_1_177' title='bbox 312 2508 355 2579; x_wconf 84' lang='grc' dir='ltr'><strong><em>ού</em></strong></span> <span class='ocrx_word' id='word_1_178' title='bbox 367 2510 495 2596; x_wconf 89' lang='grc' dir='ltr'><strong><em>μεγάλα</em></strong></span> <span class='ocrx_word' id='word_1_179' title='bbox 505 2511 566 2596; x_wconf 70' lang='grc' dir='ltr'><strong><em>μὲν</em></strong></span> <span class='ocrx_word' id='word_1_180' title='bbox 577 2515 609 2592; x_wconf 81' lang='grc' dir='ltr'><strong><em>ἐξ</em></strong></span> <span class='ocrx_word' id='word_1_181' title='bbox 621 2511 722 2597; x_wconf 78' lang='grc' dir='ltr'><strong><em>ἀρχῆς</em></strong></span> <span class='ocrx_word' id='word_1_182' title='bbox 731 2510 904 2600; x_wconf 80' lang='grc' dir='ltr'><strong><em>ἠδίκημαι,</em></strong></span> <span class='ocrx_word' id='word_1_183' title='bbox 921 2512 1048 2599; x_wconf 80' lang='grc' dir='ltr'><strong><em>μεγάλα</em></strong></span> <span class='ocrx_word' id='word_1_184' title='bbox 1057 2508 1102 2597; x_wconf 88' lang='grc' dir='ltr'><strong><em>δ’,</em></strong></span> 
     </span>
     <span class='ocr_line' id='line_1_25' title="bbox 150 2607 1103 2698; baseline 0.001 -22"><span class='ocrx_word' id='word_1_185' title='bbox 150 2607 202 2676; x_wconf 86' lang='grc' dir='ltr'><strong><em>ότι</em></strong></span> <span class='ocrx_word' id='word_1_186' title='bbox 211 2612 306 2694; x_wconf 87' lang='grc' dir='ltr'><strong><em>δίκην</em></strong></span> <span class='ocrx_word' id='word_1_187' title='bbox 317 2612 401 2695; x_wconf 73' lang='grc' dir='ltr'><strong><em>ζητῶ</em></strong></span> <span class='ocrx_word' id='word_1_188' title='bbox 411 2615 541 2694; x_wconf 77' lang='grc' dir='ltr'><strong><em>λαβεῖν,</em></strong></span> <span class='ocrx_word' id='word_1_189' title='bbox 560 2618 625 2676; x_wconf 81' lang='grc' dir='ltr'><strong><em>νῦν</em></strong></span> <span class='ocrx_word' id='word_1_190' title='bbox 635 2607 694 2676; x_wconf 83' lang='grc' dir='ltr'><strong><em>ὑπ’</em></strong></span> <span class='ocrx_word' id='word_1_191' title='bbox 709 2608 821 2678; x_wconf 84' lang='grc' dir='ltr'><strong><em>αὑτῶν</em></strong></span> <span class='ocrx_word' id='word_1_192' title='bbox 831 2612 1032 2698; x_wconf 73' lang='grc' dir='ltr'><strong><em>βλάπτομαις</em></strong></span> <span class='ocrx_word' id='word_1_193' title='bbox 1054 2615 1103 2689; x_wconf 89' lang='grc' dir='ltr'><strong><em>τίς</em></strong></span> 
     </span>
     <span class='ocr_line' id='line_1_26' title="bbox 150 2702 1103 2795; baseline 0.002 -22"><span class='ocrx_word' id='word_1_194' title='bbox 150 2703 183 2773; x_wconf 83' lang='grc' dir='ltr'><strong><em>δ’</em></strong></span> <span class='ocrx_word' id='word_1_195' title='bbox 201 2705 265 2775; x_wconf 87' lang='grc' dir='ltr'><strong><em>ούκ</em></strong></span> <span class='ocrx_word' id='word_1_196' title='bbox 283 2702 326 2773; x_wconf 88' lang='grc' dir='ltr'><strong><em>ἀν</em></strong></span> <span class='ocrx_word' id='word_1_197' title='bbox 342 2703 439 2792; x_wconf 87' lang='grc' dir='ltr'><strong><em>ὑμῶν</em></strong></span> <span class='ocrx_word' id='word_1_198' title='bbox 456 2704 563 2794; x_wconf 75' lang='grc' dir='ltr'><strong><em>τούτῳ</em></strong></span> <span class='ocrx_word' id='word_1_199' title='bbox 580 2710 642 2793; x_wconf 83' lang='grc' dir='ltr'><strong><em>μὲν</em></strong></span> <span class='ocrx_word' id='word_1_200' title='bbox 653 2707 837 2795; x_wconf 84' lang='grc' dir='ltr'><strong><em>φθονήσειε</em></strong></span> <span class='ocrx_word' id='word_1_201' title='bbox 849 2713 996 2793; x_wconf 83' lang='grc' dir='ltr'><strong><em>δικαίως,</em></strong></span> <span class='ocrx_word' id='word_1_202' title='bbox 1016 2706 1103 2795; x_wconf 81' lang='grc' dir='ltr'><strong><em>ἡμᾶς</em></strong></span> 
     </span>
     <span class='ocr_line' id='line_1_27' title="bbox 152 2801 1102 2896; baseline 0.005 -26"><span class='ocrx_word' id='word_1_203' title='bbox 152 2801 183 2870; x_wconf 88' lang='grc' dir='ltr'><strong><em>δ’</em></strong></span> <span class='ocrx_word' id='word_1_204' title='bbox 198 2803 377 2890; x_wconf 78' lang='grc' dir='ltr'><strong><em>ἐλεήσειεν,</em></strong></span> <span class='ocrx_word' id='word_1_205' title='bbox 400 2802 491 2887; x_wconf 87' lang='grc' dir='ltr'><strong><em>ὁρῶν</em></strong></span> <span class='ocrx_word' id='word_1_206' title='bbox 506 2812 555 2893; x_wconf 75' lang='grc' dir='ltr'><strong><em>τῷ</em></strong></span> <span class='ocrx_word' id='word_1_207' title='bbox 569 2806 631 2890; x_wconf 76' lang='grc' dir='ltr'><strong><em>μὲν</em></strong></span> <span class='ocrx_word' id='word_1_208' title='bbox 644 2804 730 2892; x_wconf 88' lang='grc' dir='ltr'><strong><em>πρός</em></strong></span> <span class='ocrx_word' id='word_1_209' title='bbox 740 2813 781 2894; x_wconf 73' lang='grc' dir='ltr'><strong><em>τῇ</em></strong></span> <span class='ocrx_word' id='word_1_210' title='bbox 792 2805 891 2896; x_wconf 81' lang='grc' dir='ltr'><strong><em>οὑσίηι</em></strong></span> <span class='ocrx_word' id='word_1_211' title='bbox 901 2815 941 2896; x_wconf 80' lang='grc' dir='ltr'><strong><em>τῇ</em></strong></span> <span class='ocrx_word' id='word_1_212' title='bbox 953 2812 1102 2892; x_wconf 88' lang='grc' dir='ltr'><strong><em>παραδο-</em></strong></span> 
     </span>
     <span class='ocr_line' id='line_1_28' title="bbox 150 2895 1102 2991; baseline 0.002 -20"><span class='ocrx_word' id='word_1_213' title='bbox 150 2908 248 2990; x_wconf 86' lang='grc' dir='ltr'><strong><em>θείση</em></strong></span> <span class='ocrx_word' id='word_1_214' title='bbox 265 2910 360 2969; x_wconf 85' lang='grc' dir='ltr'><strong><em>πλεῖν</em></strong></span> <span class='ocrx_word' id='word_1_215' title='bbox 376 2895 398 2987; x_wconf 77' lang='grc' dir='ltr'><strong><em>η’</em></strong></span> <span class='ocrx_word' id='word_1_216' title='bbox 415 2904 494 2968; x_wconf 82' lang='grc' dir='ltr'><strong><em>δέκα</em></strong></span> <span class='ocrx_word' id='word_1_217' title='bbox 510 2902 683 2971; x_wconf 79' lang='grc' dir='ltr'><strong><em>ταλάντων</em></strong></span> <span class='ocrx_word' id='word_1_218' title='bbox 699 2900 761 2990; x_wconf 81' lang='grc' dir='ltr'><strong><em>την</em></strong></span> <span class='ocrx_word' id='word_1_219' title='bbox 772 2902 855 2990; x_wconf 78' lang='grc' dir='ltr'><strong><em>ἐμὴν</em></strong></span> <span class='ocrx_word' id='word_1_220' title='bbox 866 2905 1031 2991; x_wconf 88' lang='grc' dir='ltr'><strong><em>τοσαύτην</em></strong></span> <span class='ocrx_word' id='word_1_221' title='bbox 1041 2900 1102 2973; x_wconf 88' lang='grc' dir='ltr'><strong><em>οὑ-</em></strong></span> 
     </span>
     <span class='ocr_line' id='line_1_29' title="bbox 151 2998 1103 3089; baseline 0 -20"><span class='ocrx_word' id='word_1_222' title='bbox 151 3021 215 3069; x_wconf 90' lang='grc' dir='ltr'><strong><em>σαν</em></strong></span> <span class='ocrx_word' id='word_1_223' title='bbox 237 3001 564 3087; x_wconf 84' lang='grc' dir='ltr'><strong><em>προσγεγενημένην,</em></strong></span> <span class='ocrx_word' id='word_1_224' title='bbox 585 2998 673 3089; x_wconf 72' lang='grc' dir='ltr'><strong><em>ἡμεῖς</em></strong></span> <span class='ocrx_word' id='word_1_225' title='bbox 694 3005 730 3070; x_wconf 77' lang='grc' dir='ltr'><strong><em>δὲ</em></strong></span> <span class='ocrx_word' id='word_1_226' title='bbox 752 3001 796 3089; x_wconf 80' lang='grc' dir='ltr'><strong><em>μὴ</em></strong></span> <span class='ocrx_word' id='word_1_227' title='bbox 820 3002 926 3089; x_wconf 89' lang='grc' dir='ltr'><strong><em>μόνον</em></strong></span> <span class='ocrx_word' id='word_1_228' title='bbox 947 3011 1016 3072; x_wconf 88' lang='grc' dir='ltr'><strong><em>τῶν</em></strong></span> <span class='ocrx_word' id='word_1_229' title='bbox 1037 3029 1103 3071; x_wconf 84' lang='grc' dir='ltr'><strong><em>πα-</em></strong></span> 
     </span>
     <span class='ocr_line' id='line_1_30' title="bbox 149 3096 1103 3187; baseline 0.003 -20"><span class='ocrx_word' id='word_1_230' title='bbox 149 3099 267 3187; x_wconf 77' lang='grc' dir='ltr'><strong><em>τρῴαν</em></strong></span> <span class='ocrx_word' id='word_1_231' title='bbox 278 3099 557 3186; x_wconf 84' lang='grc' dir='ltr'><strong><em>διημαρτηκότας,</em></strong></span> <span class='ocrx_word' id='word_1_232' title='bbox 574 3096 658 3169; x_wconf 87' lang='grc' dir='ltr'><strong><em>ἀλλά</em></strong></span> <span class='ocrx_word' id='word_1_233' title='bbox 670 3103 724 3169; x_wconf 85' lang='grc' dir='ltr'><strong><em>καὶ</em></strong></span> <span class='ocrx_word' id='word_1_234' title='bbox 733 3107 801 3168; x_wconf 88' lang='grc' dir='ltr'><strong><em>τῶν</em></strong></span> <span class='ocrx_word' id='word_1_235' title='bbox 813 3109 877 3168; x_wconf 81' lang='grc' dir='ltr'><strong><em>νῦν</em></strong></span> <span class='ocrx_word' id='word_1_236' title='bbox 889 3102 1103 3186; x_wconf 79' lang='grc' dir='ltr'><strong><em>παραδοθέν-</em></strong></span> 
     </span>
     <span class='ocr_line' id='line_1_31' title="bbox 149 3194 1100 3287; baseline 0.001 -22"><span class='ocrx_word' id='word_1_237' title='bbox 149 3225 216 3266; x_wconf 85' lang='grc' dir='ltr'><strong><em>των</em></strong></span> <span class='ocrx_word' id='word_1_238' title='bbox 227 3196 281 3265; x_wconf 80' lang='grc' dir='ltr'><strong><em>διὰ</em></strong></span> <span class='ocrx_word' id='word_1_239' title='bbox 292 3197 354 3284; x_wconf 78' lang='grc' dir='ltr'><strong><em>τὴν</em></strong></span> <span class='ocrx_word' id='word_1_240' title='bbox 364 3200 494 3269; x_wconf 76' lang='grc' dir='ltr'><strong><em>τούτων</em></strong></span> <span class='ocrx_word' id='word_1_241' title='bbox 504 3207 669 3286; x_wconf 89' lang='grc' dir='ltr'><strong><em>πονηρίαν</em></strong></span> <span class='ocrx_word' id='word_1_242' title='bbox 680 3198 980 3287; x_wconf 73' lang='grc' dir='ltr'><strong><em>ἀπεστερημένουςς</em></strong></span> <span class='ocrx_word' id='word_1_243' title='bbox 1000 3194 1100 3267; x_wconf 68' lang='grc' dir='ltr'><strong><em>τῶδ’</em></strong></span> 
     </span>
     <span class='ocr_line' id='line_1_32' title="bbox 149 3290 1102 3387; baseline 0.003 -25"><span class='ocrx_word' id='word_1_244' title='bbox 149 3290 193 3362; x_wconf 86' lang='grc' dir='ltr'><strong><em>ἀν</em></strong></span> <span class='ocrx_word' id='word_1_245' title='bbox 208 3302 431 3385; x_wconf 86' lang='grc' dir='ltr'><strong><em>τραποίμεθα,</em></strong></span> <span class='ocrx_word' id='word_1_246' title='bbox 455 3308 488 3366; x_wconf 80' lang='grc' dir='ltr'><strong><em>εί</em></strong></span> <span class='ocrx_word' id='word_1_247' title='bbox 493 3323 524 3364; x_wconf 87' lang='grc' dir='ltr'><strong><em>τι</em></strong></span> <span class='ocrx_word' id='word_1_248' title='bbox 542 3295 622 3366; x_wconf 84' lang='grc' dir='ltr'><strong><em>ἀλλο</em></strong></span> <span class='ocrx_word' id='word_1_249' title='bbox 635 3297 834 3384; x_wconf 79' lang='grc' dir='ltr'><strong><em>ψηφίσαισθ’</em></strong></span> <span class='ocrx_word' id='word_1_250' title='bbox 848 3297 941 3387; x_wconf 74' lang='grc' dir='ltr'><strong><em>ὑμεῖς</em></strong></span> <span class='ocrx_word' id='word_1_251' title='bbox 953 3300 1028 3384; x_wconf 76' lang='grc' dir='ltr'><strong><em>περὶ</em></strong></span> <span class='ocrx_word' id='word_1_252' title='bbox 1039 3293 1102 3365; x_wconf 87' lang='grc' dir='ltr'><strong><em>αύ-</em></strong></span> 
     </span>
     <span class='ocr_line' id='line_1_33' title="bbox 147 3390 1102 3481; baseline 0.001 -21"><span class='ocrx_word' id='word_1_253' title='bbox 147 3399 235 3470; x_wconf 76' lang='grc' dir='ltr'><strong><em>τῶνς</em></strong></span> <span class='ocrx_word' id='word_1_254' title='bbox 258 3397 305 3469; x_wconf 81' lang='grc' dir='ltr'><strong><em>είς</em></strong></span> <span class='ocrx_word' id='word_1_255' title='bbox 324 3390 365 3459; x_wconf 80' lang='grc' dir='ltr'><strong><em>τά</em></strong></span> <span class='ocrx_word' id='word_1_256' title='bbox 387 3394 590 3481; x_wconf 86' lang='grc' dir='ltr'><strong><em>ὑποκείμενα</em></strong></span> <span class='ocrx_word' id='word_1_257' title='bbox 609 3411 677 3476; x_wconf 80' lang='grc' dir='ltr'><strong><em>τοῖς</em></strong></span> <span class='ocrx_word' id='word_1_258' title='bbox 699 3402 906 3480; x_wconf 74' lang='grc' dir='ltr'><strong><em>δανείσασινς</em></strong></span> <span class='ocrx_word' id='word_1_259' title='bbox 927 3394 1011 3465; x_wconf 86' lang='grc' dir='ltr'><strong><em>ἀλλά</em></strong></span> <span class='ocrx_word' id='word_1_260' title='bbox 1032 3402 1102 3462; x_wconf 89' lang='grc' dir='ltr'><strong><em>τῶν</em></strong></span> 
     </span>
    </p>
   </div>
   <div class='ocr_carea' id='block_1_3' title="bbox 0 0 1190 3854">
    <p class='ocr_par' dir='ltr' id='par_1_6' title="bbox 0 0 1190 3854">
     <span class='ocr_line' id='line_1_34' title="bbox 0 0 1190 3854; baseline 0 1"><span class='ocrx_word' id='word_1_261' title='bbox 0 0 1190 3854; x_wconf 95' lang='lat' dir='ltr'><strong><em> </em></strong></span> 
     </span>
    </p>
   </div>
  </div>
 </body>
</html>
