2370 3854
143 221 207 284 τοι
332 217 910 278 ΧιιιινιιΛΗαοΣσΕΝονΣ
996 182 999 188 ’

143 394 240 466 τίσαι,
252 386 297 468 τῷ
310 375 341 444 δ’
355 375 516 456 ἐπεξιόντι
534 373 600 461 μετ’
614 373 773 461 οὐδεμιᾶς
788 381 901 460 ζημίας
911 374 932 459 ἡ
942 375 1098 463 βοήθεια,

144 477 276 546 οὐδέπω
288 476 343 544 καί
354 475 499 561 τήμερον
517 473 703 559 ἐξήτασται,
726 469 803 538 οὐδ’
814 471 1096 560 είσήγγειλενούέ

143 577 199 664 ε’μέ
210 574 289 643 ούτε
300 572 361 642 τόν
370 573 525 658 Εύεργον
537 569 582 650 ὡς
592 569 809 657 ἀδικοῦντας,
827 575 864 638 ἐν
877 573 913 640 δέ
933 580 982 658 τῳ
1003 577 1099 640 δικα-

147 681 268 764 στηρίῳ
286 680 391 741 ταῦτα
410 669 587 757 κατηγόρει
604 673 659 738 καί
677 674 773 738 δυοῖν
784 671 962 738 ταλάντοιν
972 668 1037 740 εἷλε
1048 676 1100 740 δί-

102 797 216 861 οηκην.
248 766 384 858 ήνγάρ,
404 770 511 856 οἶμαι,
530 767 613 836 κατὰ
625 773 686 854 μὲν
696 766 775 847 τούς
783 768 910 855 νόμους
921 769 1100 854 προειδότα

142 872 203 959 τήν
215 879 341 957 αἰτίαν,
364 867 413 956 ἐφ’
427 862 449 956 ᾗ
465 875 628 953 κρίνεται,
650 868 769 957 ῥᾴδιον
787 866 917 954 τάληθή
929 869 985 936 καὶ
995 866 1035 937 τά
1048 873 1101 937 δί-

143 999 220 1040 καια
236 967 426 1049 ἐπιδείξαντ’
447 967 672 1052 ἀποφεύγειν,
699 969 737 1035 ἐν
755 964 790 1034 δέ
812 973 990 1054 μεταλλικῇ
1013 971 1099 1056 δίκη,

143 1073 218 1152 περὶ
235 1061 285 1136 ἀν
303 1064 378 1135 οὐδ’
395 1061 439 1134 ἀν
460 1065 601 1152 ήλπισεν
624 1063 730 1133 αύτού
750 1065 1099 1152 κατηγορηθήσεσθαι,

143 1164 287 1255 χαλεπὸν
299 1173 496 1252 παραχρῆμα
507 1171 594 1250 ἔχειν
605 1162 844 1233 ἀπολύσασθαι
854 1163 916 1251 τήν
927 1165 1098 1253 διαβολήν·

143 1261 207 1350 ἡδ’
225 1262 307 1350 ὀργή
320 1262 409 1350 παρὰ
420 1271 489 1331 τῶν
506 1266 758 1350 ἐξηπατημένων
768 1258 835 1330 ὑπὸ
858 1263 983 1330 τούτου
1004 1267 1100 1331 δικα-

145 1369 243 1448 στῶν,
255 1360 303 1448 ἐφ’
313 1356 407 1452 ᾦτήν
413 1369 529 1449 ψήφου
541 1360 628 1447 εἶχον
635 1362 812 1448 πράγματι,
820 1361 944 1429 τούτου
951 1375 1097 1449 κατεψη-

105 1467 272 1551 ηθφίσατο.
297 1467 403 1528 καίτοι
420 1460 480 1528 τόν
490 1464 638 1539 ἐκείνους
653 1459 875 1546 ἐξηπατηκότα
896 1458 977 1540 τούς
998 1465 1095 1528 δικα-

145 1557 224 1636 στάς
235 1551 285 1644 ἀρ’
298 1554 452 1643 ὀκνήσειν
459 1555 545 1644 ὑμᾶς
563 1561 728 1640 ἐξαπατᾶν
735 1568 864 1638 οίεσθε;
884 1555 1100 1646 ήπεπιστευ-

144 1656 226 1725 κότα
238 1659 372 1725 είσιέναι
382 1670 450 1735 τοῖς
460 1657 667 1743 πράγμασιν,
688 1654 815 1725 ἀλλὀύ
827 1672 895 1736 τοῖς
912 1657 1024 1744 λόγοις
1041 1661 1098 1726 καὶ

144 1769 211 1835 τοῖς
229 1764 412 1824 συνεστῶσι
428 1754 503 1849 μεθ’
515 1754 621 1824 αὑτοῦ
635 1756 796 1842 μάρτυσι,
817 1763 864 1846 τῷ
880 1754 907 1824 τ’
918 1755 1100 1845 ἀκαθάρτῳ

145 1857 200 1923 καί
211 1863 318 1946 μιαρῷ
328 1864 485 1940 Προκλεῖ,
496 1862 542 1944 τῷ
554 1854 685 1943 μεγάλῳ
698 1854 822 1946 τούτῳ,
832 1858 888 1923 καί
898 1863 1106 1938 Στρατοκλεί

146 1962 193 2039 τῷ
204 1951 423 2043 πιθανωτάτῳ
438 1953 575 2020 πάντων
590 1951 784 2036 ἀνθρώπων
802 1954 857 2020 καί
874 1953 1100 2043 πονηροτάτῳ,

148 2053 202 2120 καί
229 2060 275 2144 τῳ
304 2052 409 2137 μηδὲν
436 2048 725 2137 ὑποστελλόμενον
752 2046 833 2137 μηδ’
861 2049 1103 2138 αἰσχυνόμενον

18 2172 21 2177 ·
108 2176 139 2231 ηρ
148 2151 304 2237 κλαήσειν
319 2153 374 2218 καί
391 2148 602 2237 όδυρείσθαι;
623 2157 730 2218 καίτοι
745 2148 909 2219 τοσούτου
926 2156 992 2231 δεῖς
1008 2155 1101 2219 ἐλέου

148 2246 239 2328 τινός
261 2247 350 2328 ἀξιος
372 2248 457 2317 εἶναι
483 2246 566 2317 ὥστε
587 2255 762 2336 μισηθείης
783 2244 828 2316 ἀν
844 2247 1019 2317 δικαιότατ’
1040 2247 1102 2317 ἀν-

148 2347 300 2434 θρώπων
311 2351 343 2428 ἐξ
355 2340 404 2414 ω’ν
416 2349 724 2434 πεπραγμάτευσαι·
744 2346 782 2426 ὅς
799 2373 838 2434 γε
855 2346 1001 2434 όφείλων
1017 2356 1102 2435 μναῖς

150 2445 267 2514 ἑκατὸν
283 2447 338 2513 καὶ
360 2448 456 2514 πέντε
474 2449 528 2515 καί
544 2446 605 2533 οὐχ
624 2444 693 2526 οἷός
708 2473 743 2514 τε
761 2441 810 2514 ἀν
832 2450 1003 2531 διαλῦσαι,
1019 2445 1102 2526 ,τούς

150 2553 252 2611 ταῦτα
269 2545 584 2631 συνευπορήσαντας
605 2549 660 2614 καί
682 2547 884 2631 γενομένους
902 2551 1027 2625 αίτίους
1049 2565 1112 2614 σοι*

149 2650 211 2710 τοῦ
223 2640 263 2710 τά
276 2647 385 2711 δίκαια
398 2650 532 2730 ποιήσαι
543 2659 610 2724 τοῖς
622 2652 852 2733 συμβαλοῦσιν
863 2647 896 2724 ἐξ
907 2643 1023 2731 ἀρχῆς,
1035 2670 1102 2729 χω-
1111 2668 1160 2723 931

150 2742 199 2824 ρίς
217 2733 265 2808 τόν
282 2744 357 2826 περί
374 2740 458 2810 αύτά
477 2742 518 2810 τά
537 2745 723 2831 συμβόλαια
741 2743 924 2831 ήδικήκεις,
946 2745 1001 2812 καί
1019 2744 1103 2829 πρὸς

149 2837 310 2923 ἀτιμῶσαι
322 2845 432 2923 ζητεῖς.
462 2843 518 2907 καί
530 2838 609 2919 τούς
619 2841 681 2927 μέν
692 2840 814 2920 ἀλλους
824 2840 903 2921 τούς
914 2846 1103 2929 δανειζομέ-

149 2962 230 3016 νους
252 2940 318 3004 ίδοι
336 2962 384 3015 τις
405 2932 449 3004 ἀν
465 2940 695 3026 ἐξισταμένους
715 2949 784 3008 τῶν
803 2939 927 3009 όντων·
956 2944 1009 3010 σοί
1030 2938 1063 3009 δ’
1083 2940 1101 3009 ὁ

150 3035 387 3122 συμβεβληκύς
398 3043 497 3105 τοῦτο
513 3039 679 3126 πέπονθε,
697 3041 752 3109 καὶ
769 3044 922 3118 δανείσας
939 3040 1103 3109 τάλαντον

107 3156 141 3208 50
150 3135 212 3203 δύο
234 3133 368 3221 ἀφληκε
391 3146 667 3226 συκοφαντηθείς.
706 3138 771 3225 ἐγω
798 3138 834 3207 δὲ
860 3138 1102 3224 τετταράκοντα

150 3243 234 3317 μνᾶς
246 3240 399 3313 δανείσας
415 3239 512 3304 δυοῖν
528 3239 704 3307 ταλάντοιν
721 3239 857 3325 ταυτηνὶ
868 3237 985 3325 φεύγω
997 3242 1101 3323 δίκην.

150 3336 204 3399 καὶ
215 3329 263 3419 ἐφ’
273 3328 320 3411 οἷς
332 3337 550 3403 δανείσασθαι
560 3338 621 3422 μέν
632 3335 835 3406 οὐδεπώποτ’
848 3335 1016 3422 ἐδυνήθης
1026 3336 1104 3403 ἕκα-

151 3440 210 3498 τον
219 3441 316 3517 μνοῐν
325 3438 444 3522 πλέον,
467 3437 636 3520 πέπρακας
647 3435 682 3503 δὲ
700 3434 855 3514 καθάπαξ
866 3442 970 3519 τριων
980 3429 1104 3500 ταλάν-
