2370 3854
333 198 476 259 ΠΡΟΣ
504 192 797 256 ΛΕΠΤΙΝΗΝ.
1027 186 1047 252 5

89 365 154 449 γὰρ
165 359 425 447 είρηταιτρόπον
436 354 510 424 τινὰ
527 355 582 422 καὶ
593 350 650 439 ὑφ’
662 350 757 438 ὑμῶν
775 363 852 430 ἴσως
863 351 1047 473 γιγνωσκο-

88 488 156 528 ται·
180 458 250 527 ἀλλ’
263 451 390 527 ἐκεῖν’Ἃ
369 483 413 523 αν
422 460 558 539 ἐροιμην
570 449 675 539 ἡδέως
687 476 802 535 αυτον,
813 456 902 527 τινος
913 474 1008 534 ενεκ
1016 454 1047 515 εί

88 585 129 627 τα
117 558 283 646 μάλιστα
301 580 345 642 μη
333 554 465 637 τινὲς,
487 549 572 621 άλλά
588 550 709 629 πάντες
726 542 811 636 ἦσαν
822 547 964 628 άνάξιοι,
977 554 1045 614 τῶν

89 654 204 724 αὐτῶν
222 649 396 766 ἠξίωσεν
378 658 465 737 υμᾶς
482 676 517 717 τε
534 651 589 718 καί
605 649 754 728 τούτους.
789 652 825 716 ἐν
841 645 956 734 μὲν
918 673 1030 732 γαρ
998 651 1044 711 τῶ

88 744 216 831 γράψαι
224 740 359 830 “μηθέυ’
368 739 480 810 εἶναι
462 739 583 828 ατελη
594 738 1018 828 τουςὲχονταςαφειλετο
983 765 1045 826 την

89 840 254 925 ἀτέλειαν,
266 846 304 909 ἐν
310 844 346 909 δὲ
353 868 399 909 τω
386 842 620 929 προσγράψαι
627 840 776 927 ’μηδὲ
744 867 780 907 το
794 838 914 907 λοιπὸν
924 841 1045 920 ἐξεῖναι

83 935 280 1008 “θοῦναι”“
261 945 349 1025 υμᾶς
358 965 394 1007 το
384 939 528 1007 δοῦναι
541 938 634 1026 [ὑμῖν
645 944 788 1022 ἐξεῖναι]
808 934 850 1004 οὐ
860 935 925 1022 γάρ
937 936 1046 1004 ἐκεῖνό

88 1066 111 1124 μ
106 1037 260 1107 ’ἔνεστιν
277 1035 445 1123 είπεῑν,’
421 1034 538 1116 ωςτόν
554 1034 660 1113 αὐτὸν
675 1037 817 1122 τρόπον,
844 1036 948 1121 ὅνπερ
967 1036 1045 1114 τοὺς

89 1135 269 1223 ἔχοντας
234 1162 296 1222 την
307 1133 438 1255 δωρεάν
449 1133 603 1214 ἀναξίους
619 1136 783 1221 ἐνόμιζεν,
806 1134 895 1204 οὕτω
912 1132 1019 1203 καὶ
984 1160 1047 1201 τον

90 1238 199 1321 δῆμον
208 1230 371 1314 ἀνάξιον
354 1247 465 1319 ηγεῖτο
477 1234 597 1318 κύριον
608 1232 692 1301 εἶναι
701 1244 762 1302 τοῦ
774 1238 944 1321 θοῦναι,’
928 1235 988 1302 εάν
997 1258 1044 1322 τῳ

66 1348 83 1402 ὅ
90 1332 258 1419 βούληται.
273 1329 355 1399 άλλά
367 1358 409 1417 νη
398 1329 479 1398 Δί’
488 1327 613 1398 ἐκεῖν’”
591 1359 635 1398 αν
647 1342 725 1411 ἴσως
736 1343 822 1402 είποι
834 1332 917 1417 πρὸς
929 1340 1044 1417 ταῦτα,

91 1428 142 1499 ὅτι
157 1428 212 1499 διὰ
230 1456 268 1498 το
257 1428 402 1519 ῥᾳδίως
419 1429 696 1509 ἐξαπατᾶσθαι
660 1457 723 1497 τον
740 1435 861 1518 δῆμον,
886 1427 1041 1499 θιάτοῦθ
1052 1444 1105 1499 458

91 1526 198 1607 οὕτως
207 1526 355 1615 ἔθηκε
320 1554 381 1605 του
394 1528 508 1613 νόμον.
540 1535 576 1596 τί
584 1521 647 1595 οὖν
659 1529 780 1596 κωλύει
791 1530 899 1597 πάντα
910 1527 1045 1617 άφηρῆ-

90 1635 172 1693 σθαι
183 1625 268 1694 καὶ”
248 1635 334 1704 ολως
344 1627 405 1711 τὴν
417 1625 611 1695 πολιτείαν“
594 1636 680 1714 υμᾶς
691 1626 774 1696 κατὰ
785 1636 905 1696 τοῦτον
917 1627 976 1695 τὸν
987 1627 1045 1694 λό-

88 1750 169 1809 γους
191 1722 234 1793 οὐ
249 1726 314 1809 γάρ
332 1731 422 1793 ἔστιν
441 1724 525 1810 ἑφ”
504 1752 585 1794 οτου
603 1734 702 1794 τοῦτο
721 1753 763 1795 ου
753 1725 965 1794 ’πεπόνθατε
976 1733 1045 1792 των

90 1823 239 1908 πάντων,
251 1821 335 1892 άλλά
346 1824 402 1891 καὶ
411 1831 606 1910 ψηφίσματα
623 1824 728 1894 πολλοὶ
748 1825 906 1902 πολλάκις
923 1827 1044 1903 ἐξαπα-

90 1922 248 2007 τηθέντες
264 1921 568 2008 κεχειροτονήκατε,
588 1926 644 1990 καὶ
660 1924 853 2009 συμμάχους
871 1921 935 2009 ἤθη
953 1922 1045 1999 τινάς

90 2017 211 2104 ἥττους
221 2017 296 2087 άυτὶ
306 2020 507 2104 κρειττόνων
524 2023 697 2107 ἐπείσθητε
715 2023 867 2105 ἑλέσθαι,
887 2023 942 2088 καὶ
953 2019 1046 2098 ὅλως
1121 2029 1125 2035 “

89 2121 126 2185 ἐν
138 2114 229 2203 οἶμαι
236 2125 369 2202 πολλοῖς
379 2112 427 2196 οἷς
438 2118 593 2203 πράττετε
605 2121 659 2188 καὶ
670 2121 800 2188 τοιοῦτό
807 2146 839 2188 τι
850 2127 1046 2205 συμβαίνειν

63 2210 229 2301 λάνάγκη.
262 2207 311 2300 ἆρ’
326 2208 390 2284 οὖν
406 2217 584 2302 θησόμεθα
600 2217 708 2302 νόμον
724 2217 776 2285 διά
794 2225 898 2286 ταῦτα
915 2217 997 2302 μηδὲ
1007 2215 1044 2282 τὸ

91 2309 211 2403 λοιπὸν
238 2314 356 2391 ἐξεῖναι
381 2319 421 2398 τῇ
448 2319 557 2399 βουλῇ
578 2314 660 2398 μηδὲ
688 2323 735 2403 τῷ
764 2315 857 2403 δήμῳ
870 2314 950 2401 μήτε
962 2337 1046 2399 προ-

89 2407 267 2494 βουλεύειν
282 2406 363 2494 μήτε
382 2424 584 2494 χειροτονεῖν
594 2415 713 2495 μηθέν;
746 2410 809 2496 ἐμοὶ
830 2411 891 2498 μὲν
903 2410 972 2480 ὀὐκ
994 2412 1046 2480 οί-

88 2530 164 2591 μοι·
191 2503 234 2573 06
249 2506 315 2592 γάρ
338 2510 437 2593 ἐσμεν
455 2504 682 2595 ἀφαιρεθῆναι
705 2515 826 2580 δίκαιοι
842 2514 918 2598 περὶ
934 2502 983 2580 ὦν
1000 2507 1044 2580 άν

88 2608 360 2691 ἐξαπατηθῶμεν,
372 2602 455 2673 άλλά
468 2611 666 2694 διδαχθῆναι
677 2618 747 2689 πως
761 2619 861 2678 τοῦτο
873 2608 918 2697 μὴ
930 2608 1045 2678 πεισό-

87 2713 196 2789 μεθα,
218 2705 275 2771 καὶ
288 2708 414 2772 θέσθαι
432 2705 539 2792 νόμον
556 2705 617 2793 οὐχ
637 2705 673 2786 ὃς
690 2705 911 2796 ἀφαιρήσεται
927 2707 964 2777 τὸ
981 2735 1044 2776 κυ-

88 2809 183 2885 ρίους
192 2799 279 2889 ἡμᾶς
289 2802 389 2889 εἶναι,
403 2802 486 2872 άλλά
498 2803 536 2873 δι’
550 2798 594 2872 06
606 2805 667 2875 τὸν
677 2810 888 2888 ἐξαπατῶντα
898 2833 1044 2893 τιμωρη-
1115 2824 1117 2829 ’

87 2900 229 2988 σόμεθα.

62 3038 81 3089 g,
171 3006 217 3067 Εἰ
231 3006 347 3068 τοίνυν
363 3028 412 3080 τις
422 3003 519 3082 ἐάσας
535 3012 639 3071 ταῦτα
657 3003 824 3073 αὐτὸκαθ’
839 3003 920 3073 αὑτὸ
933 3008 1044 3084 ἐξετά-

88 3118 174 3181 σειε,
196 3098 342 3186 πότερόν
359 3125 436 3168 ποτε
454 3103 722 3188 λυσιτελέστερόν
744 3109 811 3171 ἐστι
828 3110 965 3185 κυρίους
982 3104 1044 3188 μὲν

86 3194 271 3283 ὖμάςεῖναι
281 3207 340 3286 τῆς
351 3204 494 3287 δωρεᾶ-ς,
512 3205 776 3288 ἐξαπατηθέντας
787 3205 825 3269 δέ
839 3228 870 3268 τι
887 3203 941 3270 καὶ
953 3199 1042 3286 φαύ-

87 3304 135 3385 λῳ
145 3298 213 3365 τινὶ
223 3300 359 3385 δοῦναι,
380 3296 468 3384 ἢθιά
480 3300 517 3366 τὸ
535 3308 704 3377 παντελεῖς
722 3296 870 3383 ἀκύρους
885 3303 1043 3384 γενέσθαι

86 3392 165 3483 μηδ’
178 3390 224 3471 ἂν
235 3392 331 3477 ἄξιόν
343 3423 417 3465 τινα
434 3402 541 3487 είθῆτε
551 3403 672 3481 ἐξεῖναι
689 3404 851 3489 τιμῆσαι,
875 3393 997 3481 εὕροιτ’
1017 3393 1065 3460 ἂν
