2370 3854
147 210 190 271 66
361 210 433 267 XXI.
468 205 884 267 ΔΗΜΟΣΘΕΝΟΥΣ

149 368 246 458 ῦβρει
257 367 444 453 πεποιηκός
455 372 624 452 φαίνεται,
647 365 726 444 τοῦς
742 365 869 452 νόμους
883 366 946 453 ἤδη
963 381 1101 436 σκοπείν

150 473 210 550 δεῖ,
236 459 263 535 ῦ
284 465 405 551 ῦνόρες
425 468 580 532 δικασταί
584 489 591 503 ·
612 462 696 532 κατόι
715 462 780 550 γὰρ
796 464 936 544 τούτους
953 467 1103 534 δικάσειν

150 564 355 652 ὀμωμόκατε.
386 566 442 632 καί
459 560 615 647 θεωρεῖθ’
629 561 697 651 όσμ
709 569 857 649 μείζονος
867 563 969 651 ὀργῆς
980 569 1103 652 unicn-

151 670 225 752 μίας
236 662 365 743 ἀξιοῦσι
374 661 455 741 τοῦς
466 663 625 740 ἑκουσίως
640 661 695 738 καί
707 658 744 728 δι’
757 659 858 747 ῦβριν
868 670 1103 750 πλημμελοῦν-

108 778 142 833 43
150 789 208 842 τας
217 771 285 830 τῦν
297 761 405 839 ἄλλως
410 785 480 839 πως
493 760 794 846 ἐξαμαρτανόντων.
817 768 951 848 πρῶτον
961 761 1022 848 μὲν
1031 768 1102 830 τοί-

150 889 214 930 νυν
226 865 260 930 οί
269 862 413 946 περὶτῆς
423 859 550 947 βλάβης
561 850 653 925 οῦτοι
664 857 763 943 νόμοι
773 857 909 944 πάντες,
920 855 961 926 ἵν’
973 862 1010 927 ἐκ
1020 860 1103 927 τοῦ-

32 994 35 999 ·
148 952 1163 1044 τωνῦρξωμαι,ῦνμὲνὲαῦνβλόψή,ῦιπλοῦν,όίνδ’ῦκων,5θ8

22 1108 26 1115 ·
149 1057 282 1126 ἁπλοῦν
302 1057 340 1126 τὸ
361 1056 487 1145 βλάβος
507 1055 706 1125 κελεύουσιν
727 1059 875 1125 ἐκτίνειν.
914 1055 1098 1136 είκότως·ὁ

149 1155 286 1244 μὲνγὰρ
297 1153 420 1224 παθῦν
430 1161 600 1242 πανταχοῦ
612 1161 771 1242 βοηθείας
778 1159 902 1234 δίκαιος
911 1156 1098 1242 τυγχάνειν,

148 1264 196 1344 τῷ
207 1254 366 1338 δράσαντι
383 1252 415 1322 δ’
427 1252 490 1323 οῦκ
507 1264 585 1340 ίσην
600 1254 663 1339 τήν
679 1251 796 1341 ὀργήν,
814 1253 858 1322 ῦν
867 1252 901 1322 θ’
914 1256 1000 1323 ἕκων
1012 1253 1056 1323 ῦν
1066 1256 1098 1323 τ’

148 1353 259 1440 ῦκων,
271 1360 383 1435 ἔταξεν
399 1351 417 1420 ὁ
435 1352 548 1439 νόμος.
591 1349 694 1421 ἔπειθ’
706 1357 742 1421 οί
756 1356 889 1440 φονικοὶ
899 1351 978 1433 τοῦς
989 1355 1050 1438 μὲν
1061 1356 1098 1422 ἐκ

148 1459 306 1535 προνοίας
317 1451 580 1529 ἀποκτιννύντας
586 1451 723 1539 θανάτῳ
736 1452 792 1519 καὶ
802 1448 961 1539 ῦειφυνία
973 1453 1027 1520 καί
1038 1458 1098 1540 θη-

148 1551 264 1636 μεῦσει
278 1558 347 1616 τῦν
363 1547 583 1634 ὑπαρχόντων
604 1554 769 1635 ζημιοῦσι,
789 1546 868 1628 τοῦς
890 1548 922 1617 δ’
935 1548 1099 1630 ἀκουσίως

107 1652 139 1706 44
149 1652 302 1726 αἰδέσεως
313 1649 367 1714 καὶ
377 1653 633 1732 φιλανθρωπίας
648 1653 772 1732 πολλῆς
788 1645 941 1733 ἠξίωσαν.
975 1647 1017 1718 οῦ
1035 1650 1098 1735 μό-

146 1772 209 1815 νον
219 1744 250 1814 δ’
263 1747 315 1814 ἐπὶ
325 1745 455 1813 τούτων
466 1759 534 1824 τοῖς
543 1747 581 1813 ἐκ
591 1749 812 1832 προαιρέσεως
822 1744 992 1834 ὑβρισταῖς
1001 1756 1099 1834 χαλε-

147 1844 232 1924 ποῦς
246 1843 345 1923 ὄντας
355 1849 439 1913 ίόείν
450 1849 518 1912 ἔστι
527 1842 606 1923 τοῦς
617 1844 753 1930 νόμους,
765 1841 848 1912 ῦλλῦ
861 1847 915 1914 καί
927 1842 975 1932 ἐφ’
989 1843 1100 1913 ἁπόν-

145 1971 223 2013 των.
253 1952 286 2011 τί
300 1941 366 2029 γὰρ
384 1942 426 2029 δή
444 1940 531 2026 ποτ’,
553 1941 596 2010 ῦν
611 1970 660 2022 τις
675 1939 792 2029 όφλῦν
807 1947 903 2030 δίκην
922 1943 967 2031 μή
977 1947 1100 2033 ἐκτινή,

147 2040 254 2111 οὐκέτ’
265 2039 449 2127 ἐποίησενὸ
463 2040 567 2127 νόμος
576 2039 637 2127 τήν
648 2039 984 2128 ἐξούληνίόίαν,ῦλλῦ
991 2063 1098 2128 προσ,

147 2149 245 2227 τιμῦν
263 2143 396 2221 ἐπέταξε
412 2147 460 2230 τῷ
477 2144 639 2229 ῦημοσίῳς
665 2143 720 2208 καί
736 2139 838 2207 πόλιν
854 2146 889 2206 τί
907 2138 1030 2227 δήποτ’,
1054 2135 1099 2208 ῦν

146 2243 207 2327 μὲν
218 2237 306 2308 ἐκῦν
314 2236 389 2324 παρ’
403 2237 538 2317 ἑκόντος
559 2264 609 2316 τις
624 2237 710 2327 λα’βῃ
726 2238 890 2307 τάλαντον
906 2235 981 2326 ἓνή
999 2233 1099 2324 όῦοή

147 2340 226 2407 δέκα
237 2339 294 2406 καί
304 2335 394 2406 ταῦτ’
407 2335 633 2426 ἀποστερήσῃ,
645 2334 746 2406 οῦῦέυ
763 2335 854 2429 αὐτῷ
864 2336 948 2420 πρός
959 2337 1021 2426 τήν
1032 2338 1096 2407 πό-

145 2445 198 2505 λιν
210 2439 313 2520 ἐστίν,
335 2432 379 2502 ῦυ
391 2436 426 2503 δὲ
444 2444 567 2520 μικροῦ
578 2437 669 2502 πάνυ
679 2436 858 2523 τιμήματος
868 2436 963 2518 ῦξιόν
974 2465 1021 2517 τις
1033 2436 1096 2505 λό-

144 2540 204 2621 βή,
227 2539 283 2620 βίᾳ
296 2532 332 2599 δὲ
342 2541 440 2600 τοῦτο
451 2531 627 2618 ἀφέληται,
639 2530 676 2600 τό
689 2543 763 2601 ίσον
775 2540 821 2619 τῷ
833 2538 978 2626 δημοσίῳ
989 2554 1095 2623 προσὓ

144 2638 244 2716 τιμᾶν
261 2633 295 2697 οί
319 2629 418 2713 νόμοι
432 2627 629 2698 κελεύουσιν
653 2628 735 2700 ὅσον
753 2656 814 2718 περ
833 2632 873 2720 dr}
897 2642 942 2723 τῷ
965 2633 1093 2723 ίᾶιοότή;

101 2740 135 2795 45
144 2728 196 2798 ότι
205 2727 318 2813 πάνθ’,
331 2727 394 2796 ὅσα
405 2753 453 2808 τις
463 2729 657 2816 βιαζόμενος
667 2728 811 2818 πράττει,
822 2731 920 2801 κοινὰ
933 2731 1096 2820 ἀδικήμα-

143 2853 184 2894 τα
205 2828 259 2894 καί
279 2826 361 2895 κατὰ
373 2834 443 2894 ταῖν
459 2831 521 2908 ἔξω
535 2834 598 2897 τοῦ
613 2829 804 2915 πράγματος
820 2828 930 2900 όντων
947 2827 1057 2917 ἡγεῖτο
1075 2822 1093 2897 ὁ

144 2925 343 3011 νομοθέτης·
364 2920 426 3010 τήν
436 2924 497 3010 μὲν
507 2923 572 3011 γὰρ
584 2925 680 3014 ίσχῦν
691 2925 824 3013 ὀλίγων,
835 2927 913 3006 τούς
924 2926 961 2995 δὲ
971 2929 1097 3014 νόμους

144 3021 303 3091 ἁπάντων
320 3021 420 3106 εἶναι,
443 3026 498 3093 καί
510 3022 571 3094 τόν
588 3024 649 3112 μὲν
665 3029 845 3094 πεισθέντα
861 3030 961 3111 ίθίας,
981 3028 1042 3094 τὸν
1060 3030 1096 3094 δὲ

144 3123 327 3208 βιασθέντα
338 3125 496 3207 δημοσίας
507 3127 639 3192 δεῖσθαι
648 3129 816 3211 βοηθείας.
847 3124 962 3212 διόπερ
973 3126 1027 3194 καί
1038 3133 1097 3212 τῆς

144 3217 274 3305 ὕβρεως
284 3217 387 3307 αὐτῆς
396 3218 455 3300 τὰς
465 3223 527 3309 μὲν
537 3221 669 3309 γραφείς
680 3227 804 3290 ἔδωκεν
820 3220 943 3291 ἅπαντι
953 3230 1001 3313 τῷ
1011 3230 1096 3310 βου-

144 3318 284 3407 λομένμ,
297 3317 334 3386 τό
343 3317 506 3408 θὲτίμημα
513 3323 668 3406 ἐποίησεν
674 3318 756 3388 ὅλον
763 3320 938 3408 δημόσιον·
956 3321 1019 3408 τήν
1029 3323 1095 3409 γῦρ

142 3413 242 3484 πόλιν
252 3413 362 3504 ήμείτο
371 3415 510 3507 domama,
523 3417 565 3490 οῦ
573 3416 634 3488 τὸν
644 3419 800 3489 παθόντα
809 3421 916 3510 μόνον
926 3417 987 3492 τόν
997 3418 1097 3510 ῦβρί·
