2370 3854
156 207 219 269 218
357 213 456 270 XXIV
492 209 912 271 ΔΗΜΟΣΘΕΝΟΥΣ

202 371 308 476 δήμῳ,
325 367 444 437 ἐπειδάν
464 367 616 455 εύξηται
602 398 619 436 ο
639 377 747 482 κῆρυξ,
770 374 997 458 ἐπιχειροτονίαν
1015 383 1114 438 ποιεῖν

200 462 260 518 τῶν
272 453 389 538 νόμων,
406 456 587 541 πρῶτονμὲν
596 457 664 540 περί
674 463 733 520 τῶν
742 461 955 562 βουλευτιηῶν,
978 454 1115 605 δεύτερον

202 538 234 602 55
249 546 309 603 τῶν
326 548 451 644 κοινῶν,
475 537 537 604 εἶτα
547 545 577 603 οἳ
587 564 699 604 κεινται
707 564 769 616 τοις
779 538 895 604 ἐννέα”
874 561 1015 644 αρχουσιν
1020 587 1030 622 ,
1052 566 1115 605 εια

200 629 260 686 τῶν
271 619 396 687 άλλων’
362 631 499 770 αρχῶν.ἰ
505 652 542 726 η
513 617 563 686 ‘5’
576 624 785 709 ἐπιχειροτονία
796 619 899 728 έστωη
906 621 1116 734 προτέρα,;οτηι

202 701 370 772 δοκοῦσιν’
353 733 457 792 αρκειν
468 711 499 771 ο
507 704 593 811 νόμοι
604 711 636 770 οί
641 688 867 810 βουλευτικοί,
850 734 877 788 η
876 701 914 772 δ’
922 704 1073 812 δστέρα,“
1056 690 1115 797 οτξο

201 786 408 872 μηδοκοῦσιν·
428 789 540 855 εἶτα
499 817 559 855 των
569 815 679 855 κοινων
689 816 765 855 κατα
774 816 877 855 ταυτα
898 785 994 895 τὴνδ’
1008 776 1114 874 ἐπιχει

202 878 354 978 ροτονίαν
354 872 506 938 εἶναιτῶν
522 871 645 978 νόμων
638 870 713 937 κατά
728 869 797 951 τούς
813 871 922 956 νόμους
937 871 1006 952 τούς
1019 878 1116 957 κειμέ-

202 982 280 1033 νους.
325 952 378 1021 ἐάν
394 960 428 1022 55
444 983 519 1033 τινες
534 964 593 1021 τῶν
609 954 709 1062 νόμων
726 965 785 1022 τῶν
777 953 980 1064 κειμένων’
962 982 1115 1068 αποχειρη·

201 1047 366 1124 τονηθῶσι,
378 1037 446 1117 τούς
462 1039 634 1152 πρυτάνεις,
656 1031 743 1122 ἐφ’
719 1068 761 1105 ων
771 1037 837 1108 δντ
826 1038 1102 1145 ἐπιχειροτονία
1067 1069 1115 1126 γε

202 1150 303 1206 νηται,
324 1133 420 1189 ποιεῖν
439 1128 506 1210 περὶ
526 1133 586 1190 τῶν
606 1080 855 1228 άποχειρρτονηδέ
854 1152 931 1190 ντων
948 1121 1004 1210 τὴν
1020 1133 1115 1228 τελεη-

201 1213 288 1272 ταίαν
308 1216 368 1273 τῶν
383 1216 474 1313 τριῶγ
492 1211 670 1291 ἐκκλησιῶν·
691 1204 759 1285 τούς
779 1211 812 1274 55
831 1211 1008 1295 προέδρους,
1031 1205 1099 1275 οδ“
1078 1234 1118 1272 αν

201 1290 310 1394 τύχωσι
324 1291 548 1378 προεδρεύοντες
562 1295 596 1358 ἐν
591 1319 703 1397 ταητη
712 1318 749 1397 τη
735 1294 882 1376 ἐκκλησί
880 1320 914 1381 ηι,
936 1297 1119 1378 χρηματίζειν

204 1374 366 1483 ἐπάηαγκες
391 1384 509 1460 πρῶτον
532 1373 603 1458 μετά
629 1372 665 1487 τά
686 1381 750 1486 ίερρι
770 1379 842 1480 περί
858 1386 918 1442 τῶν
938 1384 1118 1482 νομοθετῶν,

204 1455 312 1524 καθ”’
296 1487 312 1526 ο
330 1486 358 1525 τι
374 1465 587 1570 καθεδοῦνται,
606 1463 739 1568 καὶπερὶ
756 1487 807 1526 του
794 1455 983 1546 ἀἰργυρίου,
1004 1456 1119 1526 ὁπόθεν

203 1551 264 1619 τοῖς
284 1545 498 1647 νομοθέταις”
480 1566 574 1608 εσται
595 1539 663 1620 τοὺς
686 1546 719 1608 55
738 1547 902 1650 νομοθέτας
918 1541 1025 1609 είναιέ
1010 1546 1043 1609 ἐκ
1060 1551 1120 1609 τῶν

204 1623 401 1732 ὀμωμοκότων
415 1621 468 1732 τόν
483 1623 688 1733 ηλιαστικδν”
670 1652 769 1731 ορκογ.
802 1623 855 1692 ἐάν
872 1623 937 1692 50
921 1626 1120 1734 οίπρυτάνεις

205 1709 245 1795 μη
255 1720 362 1777 ποιῶσι
374 1706 451 1776 κατά
466 1737 504 1776 τα
491 1707 751 1815 Ηγεγραμμένρι
718 1737 774 1796 την
792 1707 985 1816 ἐκκλησίαν”
963 1741 983 1796 η
1003 1716 1034 1775 οί
1045 1712 1119 1797 πρό-

208 1803 287 1883 εδροι
297 1824 345 1881 μη
326 1791 550 1902 χρηματίσωσι
567 1823 642 1860 κατα
658 1821 694 1858 τα
705 1790 937 1899 γεγραμμένα,
923 1820 978 1901 ριμε
978 1801 1051 1860 ίλειν
1061 1802 1120 1860 τῶν

207 1884 261 1963 ὲμν
281 1880 454 1987 πρυτάνεων
473 1881 595 1943 ἕκαστον
616 1883 708 1983 χιλίας
731 1875 861 1988 δρμχμάς
877 1877 957 1964 ίερδις
976 1906 1012 1967 τη
999 1873 1120 1960 Ἀθη-

207 1971 262 2066 νᾷ,
267 1971 327 2027 τῶν
338 1964 371 2027 55
380 1964 561 2066 προέδρων”
544 1983 663 2038 εκαστος
675 1957 815 2066 ὀφειλέτω
824 1965 1036 2066 τετταράκοντα
1048 1968 1120 2066 δρα·
1106 1976 1181 2032 -707

208 2042 282 2130 χμδις
293 2041 373 2131 ίερδις
385 2071 421 2134 τη
407 2040 553 2150 Ἀθηγῶ.
585 2049 637 2110 καί
648 2040 813 2124 ἐνδειξις’
777 2054 875 2111 αυτῶν
887 2050 959 2112 ἔστω
969 2043 1042 2133 πρὸς
1052 2043 1121 2123 τούς

208 2133 406 2213 θεσμοθέτας,
429 2109 568 2231 καθάπερ
580 2129 633 2194 έύν
642 2156 686 2206 τις
697 2127 772 2217 άρχη
783 2123 840 2211 όφε
840 2136 913 2195 ίλων
921 2157 963 2219 τρι
950 2135 1121 2234 δημοσίω·

209 2219 241 2278 05
254 2216 286 2280 55
293 2215 485 2319 θεσμοθέται
501 2207 570 2290 τούς
571 2193 783 2322 ἐνδειχθέντας
793 2196 970 2320 εἰσαγόντων
980 2209 1064 2290 είςτδ
1076 2194 1121 2279 δι-

209 2296 368 2402 καστόριον
384 2292 460 2362 κατά
475 2292 528 2362 τόν
545 2296 637 2398 νόμον
654 2325 725 2399 ημη
737 2292 882 2362 ἀνιόντων
892 2296 944 2374 εἰς’
943 2296 1069 2394 Ἀρειον
1062 2295 1121 2362 πά-

211 2406 286 2525 705,g
286 2379 325 2456 ῶς
337 2379 529 2454 καταλύοντες
538 2374 595 2480 τὴν
605 2377 863 2480 ἐπανόρθωσιν
823 2402 881 2441 των
892 2375 1000 2456 νόμων
1015 2400 1072 2477 προ
1062 2373 1120 2438 55

210 2470 261 2563 της
272 2465 425 2562 ἐκκλησίας
437 2488 452 2526 ο
444 2457 642 2563 βοηλόμενος
651 2457 779 2540 Ἀθηναί
779 2488 820 2524 ων
767 2461 971 2523 ίέκτιθέτω
985 2455 1119 2560 πρόσθεν

209 2571 269 2610 των
285 2540 448 2646 ἐπωνύμων
461 2541 581 2627 γράψας
594 2538 664 2620 τούς
680 2541 790 2624 νόμους
808 2538 859 2618 οὓς
875 2537 914 2605 5v
929 2549 1018 2686 ίτνθη,
1040 2537 1120 2616 ὅπως

211 2629 250 2694 δν
267 2623 341 2735 πρός
356 2653 387 2691 το
378 2625 566 2729 πληθος
526 2652 585 2690 των
595 2627 786 2690 τεθέντων’
750 2653 849 2729 νομων
860 2627 942 2706 ψηφί
941 2647 1051 2729 σηταιο
1040 2618 1117 2704 55-

211 2738 263 2813 μρς
273 2712 339 2816 περὶ
351 2717 403 2775 τοῦ
419 2708 532 2816 χρόνον
537 2717 596 2785 τοῖς
607 2712 788 2811 νομοθέταις.
814 2736 830 2774 ο
820 2705 875 2773 55
886 2706 1020 2786 τιθεὶς
989 2733 1042 2774 τον
1053 2732 1119 2769 και-

210 2788 268 2861 νόν
286 2795 393 2898 νόμοη,
416 2788 594 2897 ἀναγράψας
612 2797 652 2867 είς
669 2790 817 2896 λεύκωμα,
836 2793 974 2856 ἐκτιθέτω
984 2788 1119 2875 πρόσθεν

212 2903 271 2941 των
282 2873 610 2980 ἐπωνυμωνρσημέραι
622 2878 675 2952 ἕως
686 2871 903 2958 ανηέκκλησί
884 2877 1110 2980 αγένηται.
1058 2873 1119 2934 αἱ·

213 2969 329 3064 ρεῖσθαι
347 2963 379 3025 δὲ
397 2963 449 3064 χαὶ
466 2957 533 3035 τούς
550 2962 876 3062 συναπολογησομένους
892 2984 944 3022 τον
956 2963 1050 3062 δῆμον
1060 2961 1120 3031 τοῖς

212 3042 329 3153 νόμοις,
351 3040 411 3110 οδ
392 3072 430 3108 αν
442 3047 473 3107 ἐν
489 3051 549 3118 τοῖς
563 3045 737 3124 νομοθέταις
750 3040 937 3145 λύωνται,π
914 3045 999 3107 πέντε
1010 3039 1121 3122 άνδρας

212 3132 241 3207 ἐξ
248 3121 451 3234 Ἀθηναίων
435 3121 589 3208 απάνιων,
610 3134 647 3212 τῇ
665 3122 804 3212 ἑνδεκάτη
819 3133 871 3190 τοῦ
889 3128 1121 3207 ἑκατομβαιῶνος

212 3212 323 3296 νυνόιδ

129 3340 163 3391 24
257 3317 361 3392 Ούτοι
373 3324 494 3402 πάντες
506 3323 589 3389 οί’
548 3345 646 3407 νομοι
657 3332 783 3388 κεῖνται
794 3317 904 3387 πολύν
913 3313 976 3405 ἤδη
985 3318 1121 3403 χρόνον,

171 3413 328 3508 ῶάνδρες
339 3423 507 3508 δικασταί,
520 3423 574 3487 καί
588 3431 706 3504 πεῖραν
718 3417 832 3486 αὐτῶν
845 3415 1003 3496 πολλάκις
1014 3413 1123 3483 δεδύ-
