2370 3854
178 183 241 246 266
382 186 478 243 XXIV.
510 179 932 241 ΔΗΜΟΣΘΕΝΟΤΣ

180 342 586 429 μελλόντωνγενήσεσθαι·
600 339 735 407 πάντων
741 337 806 425 γάρ
813 339 921 407 ὄντων
927 344 1138 426 αίσχρωνκαῖ

180 445 377 508 δεινῶντῶν
385 441 666 524 γεγραμμένωνέν
674 445 722 527 τῷ
728 436 831 527 νόμην,
838 445 936 504 τοῦτο
945 436 1139 507 δεινότατον

120 562 169 617 195
179 542 234 606 καὶ
240 538 381 623 μάλιστα
387 537 586 623 παράνομον
591 538 779 621 γέγραπται.
793 542 825 604 εί
829 535 865 604 δέ
871 533 949 622 μηθ’
958 529 1056 616 οὗτος
1063 534 1135 624 μήτ’

179 637 278 717 άλλος
295 639 407 724 μηθεὶς
421 645 521 704 τοῦτο
534 634 713 720 δυνήσεται
722 639 843 719 δεῖξαι,
865 637 989 703 εἰδέναι
999 633 1060 720 χρὴ
1073 654 1139 702 σα-

180 743 251 820 φῶς
262 739 549 821 φενακιζομένους,
560 735 616 800 καὶ
625 739 814 817 λογίζεσθαι
825 729 1140 819 πρὸςὺμοῖςαάτούς

179 837 214 900 ἐκ
231 840 320 910 τίνος
336 830 409 899 ποτ’
430 834 557 916 ἐπῆλθε
574 830 679 919 τούτῳ
695 837 832 898 τοιαῦτα
853 840 1060 917 νομοθετεῖν.
1094 827 1139 898 οὐ

179 943 316 1013 προῖκα,
331 921 358 994 τό
372 927 590 1012 Τιμόκρατες,
602 927 728 1007 πόθεν;
740 926 816 997 οὐδ’
828 927 943 1014 ὀλίγου
956 933 1139 997 θεῖτοῦτον

179 1032 303 1111 έθηκας
312 1024 370 1093 τόν
381 1026 503 1110 νόμον·
521 1023 680 1112 οὐδεμίαν
690 1027 754 1114 γάρ
767 1023 811 1095 άν
821 1033 925 1096 εἰπεῖν
936 1033 1021 1114 ἔχοις
1031 1027 1139 1113 άλλην

180 1123 365 1209 πρόφασιν,
378 1122 423 1190 δι’
434 1120 477 1210 ἣν
486 1133 641 1194 τοιοῦτον
650 1127 800 1214 ἐπήρθης
810 1134 1006 1212 εἰσενεγκεῖν
1017 1127 1136 1214 νόμον,

180 1218 203 1308 ἦ
220 1220 281 1308 τὴν
299 1231 426 1290 σαυτοῦ
435 1234 529 1302 θεοῖς
539 1223 666 1311 ἐχθράν
676 1231 942 1310 αίσχροκεριλίαν·
967 1225 1047 1296 οὔτε
1070 1224 1136 1310 γάρ

182 1319 344 1406 συγγενὴς
361 1318 434 1388 οὔτ’
453 1328 571 1401 οίκεῖος
588 1320 661 1390 οὔτ’
682 1322 862 1409 ἀναγκαῖος
878 1318 921 1412 ἦν
937 1345 990 1392 σοι
1006 1325 1137 1392 τούτων

83 1435 88 1443 “
122 1440 171 1495 196
182 1417 308 1506 οὐδεὶς,
332 1418 405 1487 οὐδ’
426 1420 527 1489 ἐκεῖν’
547 1417 818 1507 άνέχοιςείπεῖν,
841 1420 886 1500 ὡς
896 1422 1031 1509 ἐλεήσας
1042 1419 1137 1489 δεινά

181 1520 367 1605 πάσχοντας
386 1517 592 1601 ἀνθρώπους
609 1523 700 1586 εἵλου
718 1519 771 1586 διά
789 1527 894 1586 ταῦτα
913 1526 1053 1606 βοηθεῖν
1074 1519 1138 1584 αό-

180 1632 255 1695 τοῖς.
291 1614 367 1682 οάτε
384 1615 448 1702 γάρ
466 1617 503 1684 τὸ
522 1615 561 1683 τά
578 1617 708 1684 τούτων
724 1623 896 1704 πολλοστῷ
912 1616 1022 1705 χρόνῳ
1041 1616 1137 1700 μόλις

181 1713 338 1797 άκοντας,
351 1715 387 1780 έν
398 1716 507 1796 τρισὶν
517 1715 767 1800 ἐξελεγχθέντας
780 1719 1014 1798 δικαστηρίοις,
1032 1737 1136 1778 κατα-

181 1814 327 1898 τιθέναι,
350 1809 450 1880 tofi&²
469 1808 582 1898 ἡγήσω
600 1813 636 1879 τὸ
655 1813 747 1879 δεινά
758 1811 894 1896 πάσχειν
906 1809 1003 1877 εἶναι·
1026 1821 1136 1874 ποιεῖν

180 1911 245 1995 γάρ
267 1915 335 1975 ἐστι
355 1910 456 1976 τοῦτό
476 1936 514 1994 γε
535 1908 644 1994 δεινά,
664 1911 720 1977 καλ
736 1907 931 1994 παροξύνειε
947 1912 1075 1992 μᾶλλον
1092 1904 1137 1973 άν

180 2033 254 2073 τινα
264 2021 371 2090 μισεῖν
382 2003 404 2091 γ’γ’
416 2011 630 2092 προτρέψειεν
642 2012 744 2075 ἐλεεῖν
752 2033 759 2046 ·
767 2004 838 2074 οὔτ’
848 2005 956 2086 άλλως
963 2013 1069 2090 πρᾶος
1080 2007 1137 2072 καῖ

182 2106 423 2190 φιλάνθρωπος
440 2107 484 2173 σύ
501 2132 550 2185 τις
566 2113 635 2173 τοῖν
652 2104 764 2175 άλλων
781 2105 950 2191 διαφόρως
966 2099 1016 2171 τόν
1037 2105 1137 2182 ἐλεεῖς

22 2284 25 2289 ,
121 2224 170 2278 197
182 2201 318 2284 αὐτούς·
341 2204 382 2274 οὐ
392 2207 456 2292 γάρ
468 2210 536 2274 ε”στι
548 2212 606 2292 τῆς
617 2203 719 2291 αὐτῆς
729 2213 837 2292 ψυχῆς
844 2203 1064 2287 Ἀνδροτίωνα
1075 2200 1136 2287 μὲν

181 2308 235 2372 καλ
252 2308 468 2374 Μελάνωπον
487 2307 542 2373 καὶ
558 2305 751 2390 Γλαυκέτην
772 2307 892 2386 ἐλεεῖν,
914 2300 936 2368 ά
958 2305 1137 2380 κλέψαντες

181 2401 270 2487 εἶχον
285 2428 300 2468 ε
302 2403 568 2489 ίκαταθήσουσι,
580 2405 721 2469 τουτωνὶ
733 2401 769 2469 δὲ
779 2400 949 2468 τοσούτων
962 2396 1070 2467 όντων
1081 2399 1138 2463 καὶ

181 2509 249 2566 των
270 2499 382 2567 ἄλλων
404 2509 565 2586 πολιτων,
590 2525 640 2567 ων
661 2501 715 2566 ἐπὶ
736 2497 794 2576 τὰς
810 2503 913 2574 οίκίας
931 2496 1076 2582 ἐβάδιζες
1092 2494 1137 2560 σν
1146 2515 1181 2571 76

181 2622 260 2674 τους
277 2597 394 2665 ἕνδεκα
411 2600 466 2666 καὶ
479 2596 557 2675 τοὺς
566 2594 749 2674 ἀποδέκτας
759 2600 842 2681 ἔχων
855 2596 910 2660 καὶ
921 2619 1000 2671 τους
1010 2592 1171 2678 ὑπηρέ-

180 2699 391 2780 τας,μηδένα
402 2694 517 2762 πάποτ
520 2693 689 2778 ’ἐλεῆσαι,
701 2691 785 2760 ἀλλὰ
796 2690 1138 2776 θάραςάφαιρεῖνκαλ

181 2791 356 2876 στρώμαθ’
391 2790 549 2859 ὑποσπᾶν
581 2794 637 2858 καὶ
670 2791 845 2876 διάκονον,
878 2799 911 2856 εί
934 2814 982 2867 τις
1009 2792 1136 2874 ἐχρῆτο,

179 2887 304 2974 ταύτην
314 2889 535 2974 ἐνεχυράζειν·
559 2886 637 2956 άσά
647 2886 745 2957 πάντ’
761 2892 880 2965 ἐποίεις
891 2885 1045 2954 ἐνιαυτόν
1056 2886 1138 2954 ὅλον

120 3010 172 3066 193
180 2983 245 3075 μετ’
255 2985 498 3070 Ἀνδροτίωνος.
522 2995 635 3075 πολλῷ
645 2985 709 3072 γάρ
723 2987 831 3072 (λη’που
843 2982 1040 3071 σχετλιώτερ’
1055 2984 1138 3052 ἐπά-

183 3083 278 3171 σχεθ’
297 3083 406 3171 ὑμεῖς,
429 3087 485 3153 καὶ
502 3086 587 3153 πολὺ
606 3094 733 3173 μᾶλλον
744 3080 787 3153 άν
799 3085 931 3163 εἰκότως
941 3082 1046 3170 ἠλέεις
1056 3083 1138 3152 τοά-

182 3209 276 3269 τους,
299 3190 333 3250 οἳ
351 3182 395 3250 δι’
417 3180 520 3270 ὑμεῖς,
543 3178 570 3252 ὦ
590 3185 769 3268 κατάρατε,
791 3183 869 3262 τοὺς
886 3187 1042 3268 λέγοντας
1059 3181 1134 3249 οὐθ’

182 3277 295 3349 ὁτιοῦν
315 3285 524 3369 εἰσφέροντες
541 3284 713 3352 παύονται.
746 3284 803 3351 καὶ
820 3280 883 3350 οὐκ
893 3279 1021 3366 άπόχρη
1032 3278 1135 3368 τοῦτ’,

182 3376 264 3445 άλλά
285 3382 341 3447 καὶ
362 3385 462 3450 διπλοῖ
485 3383 702 3469 πράττονται,
723 3383 778 3451 καὶ
795 3379 896 3449 ταῦθ’
917 3381 982 3448 ὑπὸ
1001 3388 1064 3447 σοῦ
1080 3382 1137 3449 καί
