2370 3854
148 179 210 243 ιοο
341 180 426 238 xxv.
446 176 895 254 [ΛΗΜοΣοααονΣ]

150 346 210 428 σίφ
229 339 455 424 διαλέγεσθαι·
478 335 555 404 οὔτε
571 335 636 421 γάρ
654 341 721 402 ἔστι
738 335 820 421 μήτε
840 338 969 421 γε’νοιτο
990 343 1101 425 τοῦτο,

148 436 221 505 οὔτ’
242 435 306 522 ἐγω
323 442 453 524 νομίζω.
487 431 561 502 ἀλλ’
575 443 607 502 εί
614 431 660 523 σφ’
670 460 720 511 τις
728 428 966 520 ἀραήφίλοςή
976 434 1102 521 γνοίρι-

148 536 210 621 μός
220 537 309 603 ἐστιν
320 537 357 603 ἐν
366 533 512 618 τούτοις,
525 529 569 611 ὡς
580 528 664 616 ὑπὲρ
676 532 798 599 τούτου
809 538 931 599 τοῦτον
941 533 1103 620 προσήκει
1113 545 1164 605 796

148 647 266 719 μισεῖν,
275 641 373 701 τοῦτο
384 632 549 720 βούλομαι
561 635 669 710 δεῖξαι.
692 639 825 718 πρῶτον
834 631 896 717 μὲν
904 629 955 700 ότι
964 631 1103 716 ἀνθρά-

149 756 233 810 πους
249 734 418 815 ἐπιεικεῖς,
440 727 490 808 οἱς
505 729 621 815 ἐγγύαι
637 733 692 798 καλ
704 736 955 816 φιλανθρωπίαι
964 738 1101 816 γίγνουν

148 857 201 898 ται
218 833 273 898 καὶ
289 828 455 916 ὀφλήματ’
466 833 552 912 ίδια,
575 823 624 906 οἱς
640 826 682 895 οό
697 829 855 914 πρόσεστι
869 826 967 897 κοινά
983 826 1102 914 ἀδική-

148 954 250 1015 ματα,
262 925 459 1013 ἠτυχηκέναι
470 928 506 993 δὲ
516 928 740 1012 συμβέβηκεν,
752 933 797 1006 είς
806 924 869 1014 τήν
880 922 998 1012 ὁμοίαν
1008 927 1101 1008 τάξιν

150 1029 256 1115 ἑαυτῷ
272 1026 327 1092 καί
343 1030 558 1110 βλασφημίαν
576 1023 664 1110 ἀγει,
684 1023 746 1093 οὐκ
758 1025 871 1108 ὀρθῶς
882 1024 961 1094 οὑδὲ
973 1049 1102 1113 προση-

104 1136 139 1191 87
147 1125 284 1202 κόνεως.
304 1121 347 1192 οὑ
357 1121 422 1209 γάρ
433 1122 551 1209 ὅμοιόν
562 1125 662 1209 ἐστιν,
672 1122 917 1209 Ἀριστογεῖτον,
930 1121 1102 1194 οὑδὲπολ-

147 1230 210 1291 λοῦ
238 1227 302 1308 δεῖ,
321 1223 496 1307 γράψαντά
524 1242 561 1292 σε
589 1231 655 1290 τῶν
674 1231 819 1290 πολιτάν
840 1237 926 1306 τρεῖς
947 1223 1101 1310 ἀκρίτους

148 1321 339 1389 ἀποκτεῖναι
355 1319 491 1408 γραφήν
508 1319 636 1389 ἁλῶναι
652 1322 873 1407 παρανόμων,
896 1322 951 1390 καὶ
968 1324 1045 1389 δέον
1062 1341 1100 1389 σε

147 1419 308 1488 τεθνάναι
319 1422 370 1487 ἐπὶ
380 1419 482 1508 ταάτη
493 1419 672 1506 τιμήματος
682 1435 808 1506 τυχεῖν,
823 1423 878 1490 καὶ
890 1427 988 1505 φίλον
999 1424 1100 1506 ἐγγυ-
1126 1482 1129 1487 .

145 1520 314 1605 ησάμενον
340 1522 385 1606 μή
406 1518 576 1587 δύνασθαι
597 1525 713 1605 ζημίαν
733 1517 984 1606 ἀπροσδόκητον
1006 1521 1100 1604 ἐνεγ-

146 1631 231 1684 κεῖν·
254 1615 316 1701 οὐχ
333 1615 466 1704 ὅμοιον,
490 1616 539 1685 οὑ.
573 1615 681 1685 ἔπειθ’
700 1615 751 1686 ότι
767 1618 828 1704 τήν
848 1616 1099 1704 κοινήνφιλαν-

145 1723 318 1802 δρωπίαν,
339 1712 383 1802 ήν
403 1712 495 1802 ὑμεῖς
516 1714 597 1801 ἔχετ’
621 1719 656 1783 ἐκ
672 1717 806 1802 φάσεως
823 1714 906 1801 πρὸς
922 1715 1096 1804 ἀλλήλους,

145 1809 244 1894 οὑτος
255 1813 386 1899 ἀναιρεῖ
394 1819 448 1882 καί
460 1820 648 1901 διαφθείρει
659 1815 695 1883 τὸ
708 1813 788 1882 καθ’
802 1814 917 1884 αὑτόν.
951 1821 1052 1884 ῖδοιτε
1064 1814 1097 1884 δ’

145 1910 189 1981 ἀν
199 1915 369 1980 ἐντεῦθεν.
403 1909 496 1999 ὑμεῖς
512 1911 593 2000 γάρ,
617 1905 644 1980 ἀ
655 1911 774 1999 ἀνδρες
782 1911 967 2000 Ἀθηναῖοι,
989 1922 1098 2004 τήτής

146 2013 279 2098 φάσεως
290 2007 373 2098 πρός
385 2008 563 2099 ἀλλήλους,
582 2008 663 2096 ὅπερ
673 2010 783 2099 εἷπον,
801 2012 965 2100 χρεόμενοι
977 2021 1098 2100 φιλαν-

145 2118 296 2198 θρωπίᾳ,
320 2108 432 2194 όόσπερ
449 2114 486 2177 αί
501 2112 689 2196 συγγένειαι
705 2109 763 2191 τάς
780 2116 864 2192 ἰδίας
882 2118 1033 2180 οἰκοῦσιν
1048 2117 1099 2180 οί-

103 2217 234 2294 εεκίας,
257 2205 345 2275 οὑτω
362 2206 425 2295 τήν
437 2208 536 2276 πόλιν
547 2214 663 2277 οἰκεῖτε
675 2214 824 2300 δημοσίᾳ.
860 2218 929 2290 πῶς
940 2205 1004 2278 οὖν
1015 2214 1099 2278 ἐκεῖ·

146 2332 216 2386 ναις
238 2303 326 2374 ὅπου
341 2306 447 2394 πατήρ
466 2309 533 2375 ἐστι
550 2309 606 2376 καὶ
622 2313 704 2388 υίεῖς
720 2309 855 2396 ἀνδρες,
878 2307 980 2395 τυχόν
997 2308 1033 2376 δὲ
1043 2310 1098 2377 καὶ

144 2404 275 2471 τοότων
298 2412 428 2485 παῖδες,
458 2405 596 2475 ἐνταῦθ’
622 2406 751 2494 ἀνάγκη
774 2406 897 2486 πολλάς
917 2411 973 2475 καὶ
994 2408 1099 2492 μηδὲν

144 2499 259 2587 ὁμοίας
269 2502 353 2570 εἶναι
361 2503 554 2590 βουλήσεις·
570 2502 612 2571 οά
621 2507 685 2591 γάρ
696 2513 765 2572 ταῖν
775 2503 886 2572 αὑτων
897 2502 974 2570 οὑτε
986 2503 1097 2587 λόγων

145 2595 218 2665 οὔτ’
236 2605 343 2684 ἔργων
360 2602 448 2668 ἐστὶν
465 2597 485 2686 ή
503 2602 617 2686 νεότης
633 2608 679 2690 τῷ
694 2602 791 2688 γήρᾳ.
824 2599 899 2667 ἀλλ’
917 2598 1005 2685 ὅμως
1021 2603 1055 2666 οί
1062 2626 1097 2666 τε

144 2699 214 2762 νέοι
226 2694 332 2764 πάνθ’
346 2694 395 2765 δά
407 2695 450 2763 ἀν
461 2697 658 2783 πράττωσιν,
671 2698 775 2781 ἀνπερ
788 2690 849 2764 ἀοι
860 2699 995 2782 μέτριοι,
1008 2694 1096 2764 οὕτω

145 2800 299 2859 ποιοῦσιν
318 2791 403 2859 άίστε
419 2793 560 2878 μάλιστα
576 2794 637 2879 μὲν
655 2802 834 2878 πειρᾶσθαι
844 2794 1044 2883 λανθάνειν,
1068 2801 1099 2864 εί

145 2890 181 2958 δὲ
197 2887 259 2976 μή,
284 2896 427 2974 φανεροί
439 2889 472 2975 γ’
492 2890 691 2960 εἶναιτοῦτο
709 2893 908 2979 βουλόμενοι
923 2909 1043 2961 ποιεῖν·
1066 2897 1100 2961 οἵ

143 3014 178 3056 τε
190 2986 410 3075 πρεσβύτεροι
421 2988 539 3073 πάλιν,
552 2985 596 3057 ἀν
607 2987 665 3076 ἀρ’
678 2995 793 3059 ῖδωσιν
803 2986 826 3078 ή
838 2992 990 3078 δαπάνην
1000 2989 1022 3079 ή
1034 2991 1097 3061 πό-

144 3112 203 3154 τον
219 3081 241 3173 ή
258 3084 394 3155 παιδιάν
405 3094 506 3156 πλείω
516 3097 574 3176 τής
585 3100 733 3176 μετρίας,
754 3089 843 3158 οὑτω
855 3090 956 3160 ταῦθ’
972 3090 1096 3176 ὁροίσιν

145 3181 227 3250 ὥστε
244 3185 287 3270 μή
306 3190 416 3254 δοκεῖν
434 3188 616 3272 ἑορακέναι.
648 3191 685 3256 ἐκ
703 3191 739 3256 δὲ
755 3190 884 3258 τούτων
900 3195 1050 3277 γίγνεταί
1063 3214 1096 3255 τε

98 3293 132 3348 89
144 3279 251 3347 πάνθ’
271 3280 294 3348 ἀ
310 3286 473 3370 φέρουσιν
490 3290 526 3354 αί
535 3286 653 3373 φάσεις
662 3288 718 3355 καὶ
732 3295 841 3366 καλῶς
850 3294 1005 3374 γίγνεται.
1037 3288 1096 3354 τόν
1107 3298 1156 3355 197

145 3373 250 3445 αὐτόν
260 3386 376 3449 τοίνυν
385 3383 511 3470 τρόπον
528 3381 637 3471 ὑμεῖς,
663 3377 690 3451 (ἀ
701 3383 821 3471 ἀνδρες
829 3384 1014 3472 Ἀθηναῖοι,
1036 3384 1097 3472 τήν

147 3626 217 3639 Π.
