<?xml version="1.0" encoding="UTF-8"?>
<!DOCTYPE html PUBLIC "-//W3C//DTD XHTML 1.0 Transitional//EN"
    "http://www.w3.org/TR/xhtml1/DTD/xhtml1-transitional.dtd">
<html xmlns="http://www.w3.org/1999/xhtml" xml:lang="en" lang="en">
 <head>
  <title>
</title>
<meta http-equiv="Content-Type" content="text/html;charset=utf-8" />
  <meta name='ocr-system' content='tesseract 3.04.00' />
  <meta name='ocr-capabilities' content='ocr_page ocr_carea ocr_par ocr_line ocrx_word'/>
</head>
<body>
  <div class='ocr_page' id='page_1' title='image "./orationesexrece01demogoog_0120.png"; bbox 0 0 2370 3854; ppageno 0'>
   <div class='ocr_carea' id='block_1_1' title="bbox 378 231 1063 296">
    <p class='ocr_par' dir='ltr' id='par_1_1' title="bbox 378 231 1063 296">
     <span class='ocr_line' id='line_1_1' title="bbox 378 231 1063 296; baseline 0.004 -3"><span class='ocrx_word' id='word_1_1' title='bbox 378 233 523 293; x_wconf 84' lang='grc' dir='ltr'><em>ΚΑΤΑ</em></span> <span class='ocrx_word' id='word_1_2' title='bbox 551 231 798 292; x_wconf 80' lang='lat' dir='ltr'><em>MEIAIOY.</em></span> <span class='ocrx_word' id='word_1_3' title='bbox 1002 233 1063 296; x_wconf 89' lang='lat'><strong><em>111</em></strong></span> 
     </span>
    </p>
   </div>
   <div class='ocr_carea' id='block_1_2' title="bbox 47 381 1153 3525">
    <p class='ocr_par' dir='ltr' id='par_1_2' title="bbox 48 381 1153 1749">
     <span class='ocr_line' id='line_1_2' title="bbox 94 381 1062 480; baseline -0.002 -18"><span class='ocrx_word' id='word_1_4' title='bbox 94 394 199 464; x_wconf 85' lang='grc' dir='ltr'><strong><em>’“δεῖν</em></strong></span> <span class='ocrx_word' id='word_1_5' title='bbox 207 393 357 480; x_wconf 82' lang='grc' dir='ltr'><strong><em>χρήματα</em></strong></span> <span class='ocrx_word' id='word_1_6' title='bbox 370 381 545 477; x_wconf 85' lang='grc' dir='ltr'><strong><em>είσφέρειυ.</em></strong></span> <span class='ocrx_word' id='word_1_7' title='bbox 579 389 648 458; x_wconf 79' lang='grc' dir='ltr'><strong><em>εἶτα</em></strong></span> <span class='ocrx_word' id='word_1_8' title='bbox 658 390 836 476; x_wconf 77' lang='grc' dir='ltr'><strong><em>θαυμάζετ’</em></strong></span> <span class='ocrx_word' id='word_1_9' title='bbox 851 398 882 460; x_wconf 84' lang='grc' dir='ltr'><strong><em>εί</em></strong></span> <span class='ocrx_word' id='word_1_10' title='bbox 897 401 1006 473; x_wconf 77' lang='grc' dir='ltr'><strong><em>κακῶς</em></strong></span> <span class='ocrx_word' id='word_1_11' title='bbox 1022 387 1062 460; x_wconf 79' lang='grc' dir='ltr'><strong><em>τοὶ</em></strong></span> 
     </span>
     <span class='ocr_line' id='line_1_3' title="bbox 107 487 1065 579; baseline -0.001 -19"><span class='ocrx_word' id='word_1_12' title='bbox 107 488 299 579; x_wconf 64' lang='grc' dir='ltr'><strong><em>’πράγμαθ’</em></strong></span> <span class='ocrx_word' id='word_1_13' title='bbox 313 488 394 577; x_wconf 76' lang='grc' dir='ltr'><strong><em>ὑμῖν</em></strong></span> <span class='ocrx_word' id='word_1_14' title='bbox 405 495 486 576; x_wconf 75' lang='grc' dir='ltr'><strong><em>ἔχεις</em></strong></span> <span class='ocrx_word' id='word_1_15' title='bbox 509 489 565 575; x_wconf 73' lang='grc' dir='ltr'><strong><em>ἐμὲ</em></strong></span> <span class='ocrx_word' id='word_1_16' title='bbox 576 487 685 556; x_wconf 75' lang='grc' dir='ltr'><strong><em>οἴεσθ’</em></strong></span> <span class='ocrx_word' id='word_1_17' title='bbox 698 487 779 575; x_wconf 79' lang='grc' dir='ltr'><strong><em>ὑμῖν</em></strong></span> <span class='ocrx_word' id='word_1_18' title='bbox 789 497 943 559; x_wconf 75' lang='grc' dir='ltr'><strong><em>εἰσοίσειν</em></strong></span> <span class='ocrx_word' id='word_1_19' title='bbox 949 489 1065 578; x_wconf 83' lang='grc' dir='ltr'><strong><em>,ὑμεῖς</em></strong></span> 
     </span>
     <span class='ocr_line' id='line_1_4' title="bbox 105 587 1063 677; baseline -0.004 -16.902"><span class='ocrx_word' id='word_1_20' title='bbox 105 590 163 660; x_wconf 91' lang='grc' dir='ltr'><strong><em>δε</em></strong></span> <span class='ocrx_word' id='word_1_21' title='bbox 174 598 363 677; x_wconf 86' lang='grc' dir='ltr'><strong><em>νεμεῖσθαι,</em></strong></span> <span class='ocrx_word' id='word_1_22' title='bbox 385 588 839 709; x_wconf 72' lang='grc' dir='ltr'><strong><em>έμεοίεοθετριηραρηησειμ,</em></strong></span> <span class='ocrx_word' id='word_1_23' title='bbox 852 587 987 675; x_wconf 73' lang='grc' dir='ltr'><strong><em>δμεῖςδ</em></strong></span> <span class='ocrx_word' id='word_1_24' title='bbox 1001 589 1063 656; x_wconf 79' lang='grc' dir='ltr'><strong><em>οὐκ</em></strong></span> 
     </span>
     <span class='ocr_line' id='line_1_5' title="bbox 48 685 1126 807; baseline -0.003 -50"><span class='ocrx_word' id='word_1_25' title='bbox 48 688 111 757; x_wconf 71' lang='grc' dir='ltr'><strong><em>2οί</em></strong></span> <span class='ocrx_word' id='word_1_26' title='bbox 113 685 362 807; x_wconf 70' lang='grc' dir='ltr'><strong><em>’ἐμβήσεσθαι;”</em></strong></span> <span class='ocrx_word' id='word_1_27' title='bbox 385 685 520 754; x_wconf 76' lang='grc' dir='ltr'><strong><em>τοιαῦθ’</em></strong></span> <span class='ocrx_word' id='word_1_28' title='bbox 540 685 685 807; x_wconf 70' lang='grc' dir='ltr'><strong><em>ὕβριζον</em></strong></span> <span class='ocrx_word' id='word_1_29' title='bbox 701 685 810 754; x_wconf 78' lang='grc' dir='ltr'><strong><em>καὶ</em></strong></span> <span class='ocrx_word' id='word_1_30' title='bbox 772 710 836 774; x_wconf 87' lang='grc' dir='ltr'><strong><em>τηυ</em></strong></span> <span class='ocrx_word' id='word_1_31' title='bbox 850 686 916 756; x_wconf 88' lang='grc' dir='ltr'><strong><em>ἀπδ</em></strong></span> <span class='ocrx_word' id='word_1_32' title='bbox 927 696 984 775; x_wconf 83' lang='grc' dir='ltr'><strong><em>της</em></strong></span> <span class='ocrx_word' id='word_1_33' title='bbox 996 694 1126 770; x_wconf 72' lang='grc' dir='ltr'><strong><em>ψυ-ὀὸθ</em></strong></span> 
     </span>
     <span class='ocr_line' id='line_1_6' title="bbox 109 780 1063 877; baseline -0.001 -24"><span class='ocrx_word' id='word_1_34' title='bbox 109 793 169 873; x_wconf 81' lang='grc' dir='ltr'><strong><em>χῆς</em></strong></span> <span class='ocrx_word' id='word_1_35' title='bbox 179 792 275 869; x_wconf 90' lang='grc' dir='ltr'><strong><em>πικρί</em></strong></span> <span class='ocrx_word' id='word_1_36' title='bbox 273 811 315 852; x_wconf 88' lang='grc' dir='ltr'><strong><em>αν</em></strong></span> <span class='ocrx_word' id='word_1_37' title='bbox 260 786 381 853; x_wconf 78' lang='grc' dir='ltr'><strong><em>ίκαὶ</em></strong></span> <span class='ocrx_word' id='word_1_38' title='bbox 390 784 583 870; x_wconf 85' lang='grc' dir='ltr'><strong><em>κακόνοιαν,</em></strong></span> <span class='ocrx_word' id='word_1_39' title='bbox 594 780 639 870; x_wconf 78' lang='grc' dir='ltr'><strong><em>ἣν</em></strong></span> <span class='ocrx_word' id='word_1_40' title='bbox 649 783 733 852; x_wconf 85' lang='grc' dir='ltr'><strong><em>κατά</em></strong></span> <span class='ocrx_word' id='word_1_41' title='bbox 743 794 813 877; x_wconf 78' lang='grc' dir='ltr'><strong><em>τῶν</em></strong></span> <span class='ocrx_word' id='word_1_42' title='bbox 822 783 985 854; x_wconf 87' lang='grc' dir='ltr'><strong><em>πολλο5ν</em></strong></span> <span class='ocrx_word' id='word_1_43' title='bbox 967 793 1063 870; x_wconf 77' lang='grc' dir='ltr'><strong><em>υμῶν</em></strong></span> 
     </span>
     <span class='ocr_line' id='line_1_7' title="bbox 109 880 1063 973; baseline -0.002 -21"><span class='ocrx_word' id='word_1_44' title='bbox 109 880 320 970; x_wconf 79' lang='grc' dir='ltr'><strong><em>ἕχιονάφαυῆ</em></strong></span> <span class='ocrx_word' id='word_1_45' title='bbox 330 907 397 968; x_wconf 91' lang='grc' dir='ltr'><strong><em>παρ</em></strong></span> <span class='ocrx_word' id='word_1_46' title='bbox 403 880 529 973; x_wconf 83' lang='grc' dir='ltr'><strong><em>’έαυτ95</em></strong></span> <span class='ocrx_word' id='word_1_47' title='bbox 543 886 760 969; x_wconf 76' lang='grc' dir='ltr'><strong><em>περιέρχεται,</em></strong></span> <span class='ocrx_word' id='word_1_48' title='bbox 778 884 930 971; x_wconf 82' lang='grc' dir='ltr'><strong><em>φαυεράν</em></strong></span> <span class='ocrx_word' id='word_1_49' title='bbox 941 887 1063 953; x_wconf 78' lang='grc' dir='ltr'><strong><em>έπῖτσῠ</em></strong></span> 
     </span>
     <span class='ocr_line' id='line_1_8' title="bbox 109 974 1063 1069; baseline 0 -19"><span class='ocrx_word' id='word_1_50' title='bbox 109 1007 229 1067; x_wconf 91' lang='grc' dir='ltr'><strong><em>καιρου</em></strong></span> <span class='ocrx_word' id='word_1_51' title='bbox 217 981 409 1060; x_wconf 78' lang='grc' dir='ltr'><strong><em>καθιστάς.</em></strong></span> <span class='ocrx_word' id='word_1_52' title='bbox 433 985 625 1066; x_wconf 85' lang='grc' dir='ltr'><strong><em>δεῖτοίνυν,</em></strong></span> <span class='ocrx_word' id='word_1_53' title='bbox 639 1007 664 1047; x_wconf 87' lang='grc' dir='ltr'>ω</span> <span class='ocrx_word' id='word_1_54' title='bbox 653 974 813 1068; x_wconf 82' lang='grc' dir='ltr'><strong><em>ἀνδρες’</em></strong></span> <span class='ocrx_word' id='word_1_55' title='bbox 808 992 991 1069; x_wconf 85' lang='grc' dir='ltr'><strong><em>Αθηναῖοι,</em></strong></span> <span class='ocrx_word' id='word_1_56' title='bbox 1007 985 1063 1051; x_wconf 81' lang='grc' dir='ltr'><strong><em>καὶ</em></strong></span> 
     </span>
     <span class='ocr_line' id='line_1_9' title="bbox 109 1078 1063 1167; baseline 0 -21"><span class='ocrx_word' id='word_1_57' title='bbox 109 1078 386 1166; x_wconf 81' lang='grc' dir='ltr'><strong><em>ὑμάςοῦτωνδυ,</em></strong></span> <span class='ocrx_word' id='word_1_58' title='bbox 400 1078 1063 1167; x_wconf 73' lang='grc' dir='ltr'><strong><em>ὅταυέξαπατθυκαλφενακῖζανὀδύρη-</em></strong></span> 
     </span>
     <span class='ocr_line' id='line_1_10' title="bbox 109 1175 1153 1268; baseline -0.003 -20"><span class='ocrx_word' id='word_1_59' title='bbox 109 1207 163 1248; x_wconf 91' lang='grc' dir='ltr'><strong><em>ται</em></strong></span> <span class='ocrx_word' id='word_1_60' title='bbox 173 1207 227 1248; x_wconf 87' lang='grc' dir='ltr'><strong><em>και</em></strong></span> <span class='ocrx_word' id='word_1_61' title='bbox 216 1179 321 1267; x_wconf 81' lang='grc' dir='ltr'><strong><em>κλαη</em></strong></span> <span class='ocrx_word' id='word_1_62' title='bbox 331 1180 386 1247; x_wconf 78' lang='grc' dir='ltr'><strong><em>καί</em></strong></span> <span class='ocrx_word' id='word_1_63' title='bbox 398 1179 519 1264; x_wconf 87' lang='grc' dir='ltr'><strong><em>δεηται,</em></strong></span> <span class='ocrx_word' id='word_1_64' title='bbox 529 1175 626 1246; x_wconf 86' lang='grc' dir='ltr'><strong><em>ταυθ</em></strong></span> <span class='ocrx_word' id='word_1_65' title='bbox 640 1175 956 1268; x_wconf 79' lang='grc' dir='ltr'><strong><em>ὑποβάλλειναύτ95·</em></strong></span> <span class='ocrx_word' id='word_1_66' title='bbox 973 1176 1064 1246; x_wconf 87' lang='grc' dir='ltr'><strong><em>“-τοι</em></strong></span> <span class='ocrx_word' id='word_1_67' title='bbox 1148 1219 1153 1229; x_wconf 43' lang='lat' dir='ltr'>x</span> 
     </span>
     <span class='ocr_line' id='line_1_11' title="bbox 103 1273 1062 1362; baseline -0.003 -16.965"><span class='ocrx_word' id='word_1_68' title='bbox 103 1276 354 1362; x_wconf 52' lang='grc' dir='ltr'><strong><em>ὀῦτοςμάρεά</em></strong></span> <span class='ocrx_word' id='word_1_69' title='bbox 378 1280 517 1342; x_wconf 79' lang='grc' dir='ltr'><strong><em>Μειδία·</em></strong></span> <span class='ocrx_word' id='word_1_70' title='bbox 537 1274 697 1362; x_wconf 77' lang='grc' dir='ltr'><strong><em>ὑβριστὴς</em></strong></span> <span class='ocrx_word' id='word_1_71' title='bbox 712 1273 833 1362; x_wconf 78' lang='grc' dir='ltr'><strong><em>μδρεί,</em></strong></span> <span class='ocrx_word' id='word_1_72' title='bbox 856 1275 919 1344; x_wconf 83' lang='grc' dir='ltr'><strong><em>οὐκ</em></strong></span> <span class='ocrx_word' id='word_1_73' title='bbox 935 1279 1062 1354; x_wconf 75' lang='grc' dir='ltr'><strong><em>ἐθέλεις</em></strong></span> 
     </span>
     <span class='ocr_line' id='line_1_12' title="bbox 103 1372 1062 1462; baseline -0.002 -20"><span class='ocrx_word' id='word_1_74' title='bbox 103 1375 212 1462; x_wconf 82' lang='grc' dir='ltr'><strong><em>“ἕχειυ</em></strong></span> <span class='ocrx_word' id='word_1_75' title='bbox 222 1374 312 1458; x_wconf 82' lang='grc' dir='ltr'><strong><em>παρὰ</em></strong></span> <span class='ocrx_word' id='word_1_76' title='bbox 324 1381 452 1462; x_wconf 78' lang='grc' dir='ltr'><strong><em>σεαυτῷ</em></strong></span> <span class='ocrx_word' id='word_1_77' title='bbox 461 1372 507 1440; x_wconf 68' lang='lat' dir='ltr'><strong><em>vo)</em></strong></span> <span class='ocrx_word' id='word_1_78' title='bbox 518 1387 614 1457; x_wconf 75' lang='grc' dir='ltr'><strong><em>χεῖρε.</em></strong></span> <span class='ocrx_word' id='word_1_79' title='bbox 647 1373 714 1440; x_wconf 79' lang='grc' dir='ltr'><strong><em>εἶτα</em></strong></span> <span class='ocrx_word' id='word_1_80' title='bbox 724 1374 904 1459; x_wconf 75' lang='grc' dir='ltr'><strong><em>θαυμάζεις</em></strong></span> <span class='ocrx_word' id='word_1_81' title='bbox 915 1380 945 1440; x_wconf 89' lang='grc' dir='ltr'><strong><em>εί</em></strong></span> <span class='ocrx_word' id='word_1_82' title='bbox 959 1372 1062 1450; x_wconf 84' lang='grc' dir='ltr'><strong><em>κακὸς</em></strong></span> 
     </span>
     <span class='ocr_line' id='line_1_13' title="bbox 101 1469 1062 1557; baseline -0.006 -15"><span class='ocrx_word' id='word_1_83' title='bbox 101 1471 235 1552; x_wconf 75' lang='grc' dir='ltr'><strong><em>“κακο5ς</em></strong></span> <span class='ocrx_word' id='word_1_84' title='bbox 246 1471 379 1553; x_wconf 76' lang='grc' dir='ltr'><strong><em>ἀπολεῖς</em></strong></span> <span class='ocrx_word' id='word_1_85' title='bbox 389 1469 472 1538; x_wconf 87' lang='grc' dir='ltr'><strong><em>ἀλλά</em></strong></span> <span class='ocrx_word' id='word_1_86' title='bbox 485 1471 654 1556; x_wconf 69' lang='grc' dir='ltr'><strong><em>νομίζεις“</em></strong></span> <span class='ocrx_word' id='word_1_87' title='bbox 635 1478 721 1557; x_wconf 80' lang='grc' dir='ltr'><strong><em>ημᾶς</em></strong></span> <span class='ocrx_word' id='word_1_88' title='bbox 730 1475 791 1556; x_wconf 80' lang='grc' dir='ltr'><strong><em>μὲν</em></strong></span> <span class='ocrx_word' id='word_1_89' title='bbox 802 1469 982 1550; x_wconf 82' lang='grc' dir='ltr'><strong><em>ἀνέξεσθαί</em></strong></span> <span class='ocrx_word' id='word_1_90' title='bbox 990 1491 1062 1555; x_wconf 92' lang='grc' dir='ltr'><strong><em>σου,</em></strong></span> 
     </span>
     <span class='ocr_line' id='line_1_14' title="bbox 105 1565 1062 1655; baseline -0.002 -18"><span class='ocrx_word' id='word_1_91' title='bbox 105 1569 228 1647; x_wconf 80' lang='grc' dir='ltr'><strong><em>“αὐτὸς</em></strong></span> <span class='ocrx_word' id='word_1_92' title='bbox 240 1570 275 1637; x_wconf 82' lang='grc' dir='ltr'><strong><em>δὲ</em></strong></span> <span class='ocrx_word' id='word_1_93' title='bbox 284 1567 478 1655; x_wconf 74' lang='grc' dir='ltr'><strong><em>τυπτησεινς</em></strong></span> <span class='ocrx_word' id='word_1_94' title='bbox 489 1572 544 1635; x_wconf 81' lang='grc' dir='ltr'><strong><em>καί</em></strong></span> <span class='ocrx_word' id='word_1_95' title='bbox 553 1565 639 1655; x_wconf 77' lang='grc' dir='ltr'><strong><em>ἡμεῖς</em></strong></span> <span class='ocrx_word' id='word_1_96' title='bbox 647 1568 709 1654; x_wconf 77' lang='grc' dir='ltr'><strong><em>μέν</em></strong></span> <span class='ocrx_word' id='word_1_97' title='bbox 716 1567 984 1655; x_wconf 81' lang='grc' dir='ltr'><strong><em>ἀποψηφιεῖσθαί</em></strong></span> <span class='ocrx_word' id='word_1_98' title='bbox 990 1591 1062 1654; x_wconf 90' lang='grc' dir='ltr'><strong><em>σου,</em></strong></span> 
     </span>
     <span class='ocr_line' id='line_1_15' title="bbox 107 1660 510 1749; baseline 0 -15"><span class='ocrx_word' id='word_1_99' title='bbox 107 1666 172 1734; x_wconf 82' lang='grc' dir='ltr'><strong><em>“σύ</em></strong></span> <span class='ocrx_word' id='word_1_100' title='bbox 184 1669 219 1734; x_wconf 73' lang='grc' dir='ltr'><strong><em>δὲ</em></strong></span> <span class='ocrx_word' id='word_1_101' title='bbox 230 1665 272 1733; x_wconf 81' lang='grc' dir='ltr'><strong><em>οὐ</em></strong></span> <span class='ocrx_word' id='word_1_102' title='bbox 282 1660 510 1749; x_wconf 56' lang='lat' dir='ltr'><strong><em>maiomam?</em></strong></span> 
     </span>
    </p>

    <p class='ocr_par' dir='ltr' id='par_1_3' title="bbox 47 1764 1061 2836">
     <span class='ocr_line' id='line_1_16' title="bbox 47 1764 1061 1851; baseline 0 -19"><span class='ocrx_word' id='word_1_103' title='bbox 47 1795 99 1844; x_wconf 76' lang='lat'><strong><em>205</em></strong></span> <span class='ocrx_word' id='word_1_104' title='bbox 192 1767 259 1832; x_wconf 74' lang='grc' dir='ltr'><strong><em>Καὶ</em></strong></span> <span class='ocrx_word' id='word_1_105' title='bbox 275 1772 463 1851; x_wconf 83' lang='grc' dir='ltr'><strong><em>βοηθοῦσιν</em></strong></span> <span class='ocrx_word' id='word_1_106' title='bbox 479 1770 513 1833; x_wconf 81' lang='grc' dir='ltr'><strong><em>ολ</em></strong></span> <span class='ocrx_word' id='word_1_107' title='bbox 527 1769 678 1850; x_wconf 78' lang='grc' dir='ltr'><strong><em>λέγοντες</em></strong></span> <span class='ocrx_word' id='word_1_108' title='bbox 688 1764 772 1849; x_wconf 74' lang='grc' dir='ltr'><strong><em>ὑπὲρ</em></strong></span> <span class='ocrx_word' id='word_1_109' title='bbox 784 1765 890 1834; x_wconf 79' lang='grc' dir='ltr'><strong><em>αὐτοῦ</em></strong></span> <span class='ocrx_word' id='word_1_110' title='bbox 901 1765 962 1850; x_wconf 81' lang='grc' dir='ltr'><strong><em>οὐχ</em></strong></span> <span class='ocrx_word' id='word_1_111' title='bbox 973 1765 1061 1833; x_wconf 82' lang='grc' dir='ltr'><strong><em>οὕτω</em></strong></span> 
     </span>
     <span class='ocr_line' id='line_1_17' title="bbox 108 1860 1060 1953; baseline 0 -22"><span class='ocrx_word' id='word_1_112' title='bbox 108 1863 214 1951; x_wconf 77' lang='grc' dir='ltr'><strong><em>τούτῳ</em></strong></span> <span class='ocrx_word' id='word_1_113' title='bbox 225 1869 426 1949; x_wconf 83' lang='grc' dir='ltr'><strong><em>χαρίσασθαι</em></strong></span> <span class='ocrx_word' id='word_1_114' title='bbox 436 1860 482 1949; x_wconf 85' lang='grc' dir='ltr'><strong><em>μά</em></strong></span> <span class='ocrx_word' id='word_1_115' title='bbox 493 1861 572 1942; x_wconf 84' lang='grc' dir='ltr'><strong><em>τοδς</em></strong></span> <span class='ocrx_word' id='word_1_116' title='bbox 582 1862 686 1943; x_wconf 82' lang='grc' dir='ltr'><strong><em>θεοὺς</em></strong></span> <span class='ocrx_word' id='word_1_117' title='bbox 695 1866 910 1953; x_wconf 87' lang='grc' dir='ltr'><strong><em>βουλόμενοι,</em></strong></span> <span class='ocrx_word' id='word_1_118' title='bbox 924 1864 969 1944; x_wconf 79' lang='grc' dir='ltr'><strong><em>ὠς</em></strong></span> <span class='ocrx_word' id='word_1_119' title='bbox 979 1869 1060 1951; x_wconf 88' lang='grc' dir='ltr'><strong><em>έπη-</em></strong></span> 
     </span>
     <span class='ocr_line' id='line_1_18' title="bbox 110 1956 1058 2053; baseline 0.002 -25"><span class='ocrx_word' id='word_1_120' title='bbox 110 1962 235 2045; x_wconf 83' lang='grc' dir='ltr'><strong><em>ρεάζειν</em></strong></span> <span class='ocrx_word' id='word_1_121' title='bbox 257 1962 327 2044; x_wconf 76' lang='grc' dir='ltr'><strong><em>ἐμοὶ</em></strong></span> <span class='ocrx_word' id='word_1_122' title='bbox 350 1958 403 2027; x_wconf 81' lang='grc' dir='ltr'><strong><em>διδ</em></strong></span> <span class='ocrx_word' id='word_1_123' title='bbox 425 1959 487 2046; x_wconf 86' lang='grc' dir='ltr'><strong><em>την</em></strong></span> <span class='ocrx_word' id='word_1_124' title='bbox 509 1966 597 2030; x_wconf 85' lang='grc' dir='ltr'><strong><em>ίδίαυ</em></strong></span> <span class='ocrx_word' id='word_1_125' title='bbox 618 1968 760 2048; x_wconf 81' lang='grc' dir='ltr'><strong><em>ἔχθραν,</em></strong></span> <span class='ocrx_word' id='word_1_126' title='bbox 784 1961 828 2050; x_wconf 80' lang='grc' dir='ltr'><strong><em>ἣν</em></strong></span> <span class='ocrx_word' id='word_1_127' title='bbox 849 1956 947 2042; x_wconf 77' lang='grc' dir='ltr'><strong><em>οὗτος</em></strong></span> <span class='ocrx_word' id='word_1_128' title='bbox 968 1962 1058 2053; x_wconf 76' lang='grc' dir='ltr'><strong><em>αὐτῷ</em></strong></span> 
     </span>
     <span class='ocr_line' id='line_1_19' title="bbox 108 2055 1060 2148; baseline 0.005 -22"><span class='ocrx_word' id='word_1_129' title='bbox 108 2055 191 2142; x_wconf 84' lang='grc' dir='ltr'><strong><em>πρὸς</em></strong></span> <span class='ocrx_word' id='word_1_130' title='bbox 201 2057 255 2142; x_wconf 76' lang='grc' dir='ltr'><strong><em>ἐμὲ</em></strong></span> <span class='ocrx_word' id='word_1_131' title='bbox 263 2107 272 2141; x_wconf 91' lang='grc'><strong><em>,</em></strong></span> <span class='ocrx_word' id='word_1_132' title='bbox 291 2057 335 2124; x_wconf 82' lang='grc' dir='ltr'><strong><em>ἀν</em></strong></span> <span class='ocrx_word' id='word_1_133' title='bbox 344 2056 374 2124; x_wconf 87' lang='grc' dir='ltr'><strong><em>’τ’</em></strong></span> <span class='ocrx_word' id='word_1_134' title='bbox 388 2058 451 2144; x_wconf 80' lang='grc' dir='ltr'><strong><em>ε’μιδ</em></strong></span> <span class='ocrx_word' id='word_1_135' title='bbox 463 2068 518 2144; x_wconf 80' lang='grc' dir='ltr'><strong><em>φεῖ</em></strong></span> <span class='ocrx_word' id='word_1_136' title='bbox 528 2060 572 2128; x_wconf 81' lang='grc' dir='ltr'><strong><em>ἀν</em></strong></span> <span class='ocrx_word' id='word_1_137' title='bbox 580 2086 617 2127; x_wconf 88' lang='grc' dir='ltr'><strong><em>τε</em></strong></span> <span class='ocrx_word' id='word_1_138' title='bbox 626 2058 671 2148; x_wconf 77' lang='grc' dir='ltr'><strong><em>μὴ</em></strong></span> <span class='ocrx_word' id='word_1_139' title='bbox 684 2070 755 2146; x_wconf 85' lang='grc' dir='ltr'><strong><em>φο5,</em></strong></span> <span class='ocrx_word' id='word_1_140' title='bbox 774 2065 876 2147; x_wconf 76' lang='grc' dir='ltr'><strong><em>φησὶν</em></strong></span> <span class='ocrx_word' id='word_1_141' title='bbox 887 2061 987 2148; x_wconf 79' lang='grc' dir='ltr'><strong><em>εἶναι,</em></strong></span> <span class='ocrx_word' id='word_1_142' title='bbox 1005 2068 1060 2131; x_wconf 82' lang='grc' dir='ltr'><strong><em>καὶ</em></strong></span> 
     </span>
     <span class='ocr_line' id='line_1_20' title="bbox 108 2155 1060 2244; baseline 0.004 -21"><span class='ocrx_word' id='word_1_143' title='bbox 108 2158 251 2244; x_wconf 80' lang='grc' dir='ltr'><strong><em>βιάζεται</em></strong></span> <span class='ocrx_word' id='word_1_144' title='bbox 262 2156 324 2223; x_wconf 82' lang='grc' dir='ltr'><strong><em>οὐκ</em></strong></span> <span class='ocrx_word' id='word_1_145' title='bbox 337 2155 457 2242; x_wconf 77' lang='grc' dir='ltr'><strong><em>ὀρθῶς.</em></strong></span> <span class='ocrx_word' id='word_1_146' title='bbox 481 2156 564 2226; x_wconf 89' lang='grc' dir='ltr'><strong><em>ἀλλά</em></strong></span> <span class='ocrx_word' id='word_1_147' title='bbox 575 2159 766 2226; x_wconf 80' lang='grc' dir='ltr'><strong><em>κινδυνεύει</em></strong></span> <span class='ocrx_word' id='word_1_148' title='bbox 775 2158 812 2226; x_wconf 83' lang='grc' dir='ltr'><strong><em>τὸ</em></strong></span> <span class='ocrx_word' id='word_1_149' title='bbox 824 2167 901 2227; x_wconf 86' lang='grc' dir='ltr'><strong><em>λίαν</em></strong></span> <span class='ocrx_word' id='word_1_150' title='bbox 912 2158 1060 2244; x_wconf 80' lang='grc' dir='ltr'><strong><em>εὐτυχεῖν</em></strong></span> 
     </span>
     <span class='ocr_line' id='line_1_21' title="bbox 109 2254 1061 2341; baseline 0.001 -19"><span class='ocrx_word' id='word_1_151' title='bbox 109 2258 212 2323; x_wconf 82' lang='grc' dir='ltr'><strong><em>ἐνίοτε</em></strong></span> <span class='ocrx_word' id='word_1_152' title='bbox 225 2259 377 2340; x_wconf 81' lang='grc' dir='ltr'><strong><em>ἐπαχθεῖς</em></strong></span> <span class='ocrx_word' id='word_1_153' title='bbox 388 2269 509 2322; x_wconf 88' lang='grc' dir='ltr'><strong><em>ποιεῖν·</em></strong></span> <span class='ocrx_word' id='word_1_154' title='bbox 529 2254 615 2322; x_wconf 83' lang='grc' dir='ltr'><strong><em>ὅπου</em></strong></span> <span class='ocrx_word' id='word_1_155' title='bbox 625 2254 690 2340; x_wconf 76' lang='grc' dir='ltr'><strong><em>γὰρ</em></strong></span> <span class='ocrx_word' id='word_1_156' title='bbox 701 2255 766 2340; x_wconf 75' lang='grc' dir='ltr'><strong><em>ἐγώ</em></strong></span> <span class='ocrx_word' id='word_1_157' title='bbox 776 2257 838 2341; x_wconf 70' lang='grc' dir='ltr'><strong><em>μέν</em></strong></span> <span class='ocrx_word' id='word_1_158' title='bbox 849 2255 926 2322; x_wconf 78' lang='grc' dir='ltr'><strong><em>οὐδὲ</em></strong></span> <span class='ocrx_word' id='word_1_159' title='bbox 937 2282 1061 2323; x_wconf 90' lang='grc' dir='ltr'><strong><em>πεπον-</em></strong></span> 
     </span>
     <span class='ocr_line' id='line_1_22' title="bbox 109 2347 1060 2438; baseline 0.002 -18"><span class='ocrx_word' id='word_1_160' title='bbox 109 2352 180 2430; x_wconf 82' lang='grc' dir='ltr'><strong><em>θώς</em></strong></span> <span class='ocrx_word' id='word_1_161' title='bbox 191 2361 302 2430; x_wconf 75' lang='grc' dir='ltr'><strong><em>κακῶς</em></strong></span> <span class='ocrx_word' id='word_1_162' title='bbox 314 2351 438 2438; x_wconf 80' lang='grc' dir='ltr'><strong><em>ἐχθρὸν</em></strong></span> <span class='ocrx_word' id='word_1_163' title='bbox 449 2353 537 2420; x_wconf 78' lang='grc' dir='ltr'><strong><em>εἶναί</em></strong></span> <span class='ocrx_word' id='word_1_164' title='bbox 543 2380 599 2438; x_wconf 91' lang='grc' dir='ltr'><strong><em>μοι</em></strong></span> <span class='ocrx_word' id='word_1_165' title='bbox 609 2361 731 2420; x_wconf 84' lang='grc' dir='ltr'><strong><em>τοῦτον</em></strong></span> <span class='ocrx_word' id='word_1_166' title='bbox 741 2352 903 2438; x_wconf 73' lang='grc' dir='ltr'><strong><em>ὁμολογῶ,</em></strong></span> <span class='ocrx_word' id='word_1_167' title='bbox 915 2347 1014 2433; x_wconf 79' lang='grc' dir='ltr'><strong><em>οὗτος</em></strong></span> <span class='ocrx_word' id='word_1_168' title='bbox 1024 2356 1060 2422; x_wconf 74' lang='grc' dir='ltr'><strong><em>δὲ</em></strong></span> 
     </span>
     <span class='ocr_line' id='line_1_23' title="bbox 111 2448 1061 2538; baseline 0.002 -20"><span class='ocrx_word' id='word_1_169' title='bbox 111 2448 182 2518; x_wconf 69' lang='grc' dir='ltr'><strong><em>οὐδ’</em></strong></span> <span class='ocrx_word' id='word_1_170' title='bbox 188 2450 328 2536; x_wconf 83' lang='grc' dir='ltr'><strong><em>ἀφιέντα</em></strong></span> <span class='ocrx_word' id='word_1_171' title='bbox 340 2449 488 2537; x_wconf 79' lang='grc' dir='ltr'><strong><em>ἀφίησιν,</em></strong></span> <span class='ocrx_word' id='word_1_172' title='bbox 496 2449 580 2519; x_wconf 86' lang='grc' dir='ltr'><strong><em>ἀλλά</em></strong></span> <span class='ocrx_word' id='word_1_173' title='bbox 586 2455 641 2519; x_wconf 78' lang='grc' dir='ltr'><strong><em>καὶ</em></strong></span> <span class='ocrx_word' id='word_1_174' title='bbox 648 2453 700 2520; x_wconf 76' lang='grc' dir='ltr'><strong><em>ἐπὶ</em></strong></span> <span class='ocrx_word' id='word_1_175' title='bbox 708 2449 964 2538; x_wconf 86' lang='grc' dir='ltr'><strong><em>τοῖςάλλοτρίοις</em></strong></span> <span class='ocrx_word' id='word_1_176' title='bbox 972 2450 1061 2538; x_wconf 78' lang='grc' dir='ltr'><strong><em>ἀμῶ-</em></strong></span> 
     </span>
     <span class='ocr_line' id='line_1_24' title="bbox 110 2547 1060 2638; baseline 0.003 -22"><span class='ocrx_word' id='word_1_177' title='bbox 110 2569 165 2616; x_wconf 89' lang='grc' dir='ltr'><strong><em>σιν</em></strong></span> <span class='ocrx_word' id='word_1_178' title='bbox 183 2547 313 2637; x_wconf 78' lang='grc' dir='ltr'><strong><em>ἀπαντᾷ</em></strong></span> <span class='ocrx_word' id='word_1_179' title='bbox 329 2552 384 2618; x_wconf 80' lang='grc' dir='ltr'><strong><em>καὶ</em></strong></span> <span class='ocrx_word' id='word_1_180' title='bbox 400 2558 467 2617; x_wconf 81' lang='grc' dir='ltr'><strong><em>νῦν</em></strong></span> <span class='ocrx_word' id='word_1_181' title='bbox 483 2548 686 2638; x_wconf 78' lang='grc' dir='ltr'><strong><em>ἀναβήσεται</em></strong></span> <span class='ocrx_word' id='word_1_182' title='bbox 702 2554 785 2638; x_wconf 73' lang='grc' dir='ltr'><strong><em>μηδὲ</em></strong></span> <span class='ocrx_word' id='word_1_183' title='bbox 800 2558 858 2637; x_wconf 80' lang='grc' dir='ltr'><strong><em>τῆς</em></strong></span> <span class='ocrx_word' id='word_1_184' title='bbox 869 2558 982 2637; x_wconf 81' lang='grc' dir='ltr'><strong><em>κοινῆς</em></strong></span> <span class='ocrx_word' id='word_1_185' title='bbox 992 2560 1060 2619; x_wconf 77' lang='grc' dir='ltr'><strong><em>τῶν</em></strong></span> 
     </span>
     <span class='ocr_line' id='line_1_25' title="bbox 109 2643 1061 2736; baseline 0.002 -22"><span class='ocrx_word' id='word_1_186' title='bbox 109 2648 224 2733; x_wconf 87' lang='grc' dir='ltr'><strong><em>νόμων</em></strong></span> <span class='ocrx_word' id='word_1_187' title='bbox 241 2650 430 2732; x_wconf 85' lang='grc' dir='ltr'><strong><em>ἐπικουρίας</em></strong></span> <span class='ocrx_word' id='word_1_188' title='bbox 439 2646 540 2728; x_wconf 83' lang='grc' dir='ltr'><strong><em>ἀξιο5ν</em></strong></span> <span class='ocrx_word' id='word_1_189' title='bbox 551 2651 622 2736; x_wconf 79' lang='grc' dir='ltr'><strong><em>ἐμοὶ</em></strong></span> <span class='ocrx_word' id='word_1_190' title='bbox 632 2662 790 2736; x_wconf 87' lang='grc' dir='ltr'><strong><em>μετεῖναι,</em></strong></span> <span class='ocrx_word' id='word_1_191' title='bbox 811 2659 881 2729; x_wconf 75' lang='grc' dir='ltr'><strong><em>πῶς</em></strong></span> <span class='ocrx_word' id='word_1_192' title='bbox 892 2648 953 2736; x_wconf 83' lang='grc' dir='ltr'><strong><em>οὐχ</em></strong></span> <span class='ocrx_word' id='word_1_193' title='bbox 963 2643 1061 2729; x_wconf 79' lang='grc' dir='ltr'><strong><em>οὗτος</em></strong></span> 
     </span>
     <span class='ocr_line' id='line_1_26' title="bbox 110 2743 1061 2836; baseline 0.005 -24"><span class='ocrx_word' id='word_1_194' title='bbox 110 2745 256 2830; x_wconf 73' lang='grc' dir='ltr'><strong><em>ἐπαχθής</em></strong></span> <span class='ocrx_word' id='word_1_195' title='bbox 271 2749 360 2813; x_wconf 85' lang='grc' dir='ltr'><strong><em>ἐστιν</em></strong></span> <span class='ocrx_word' id='word_1_196' title='bbox 377 2746 441 2833; x_wconf 78' lang='grc' dir='ltr'><strong><em>ἤδη</em></strong></span> <span class='ocrx_word' id='word_1_197' title='bbox 459 2751 514 2814; x_wconf 81' lang='grc' dir='ltr'><strong><em>καί</em></strong></span> <span class='ocrx_word' id='word_1_198' title='bbox 531 2743 681 2835; x_wconf 73' lang='grc' dir='ltr'><strong><em>μείζωνῆ</em></strong></span> <span class='ocrx_word' id='word_1_199' title='bbox 692 2746 773 2816; x_wconf 87' lang='grc' dir='ltr'><strong><em>καθ’</em></strong></span> <span class='ocrx_word' id='word_1_200' title='bbox 787 2746 973 2836; x_wconf 74' lang='grc' dir='ltr'><strong><em>ὅσουὴμιδυ</em></strong></span> <span class='ocrx_word' id='word_1_201' title='bbox 984 2751 1061 2817; x_wconf 87' lang='grc' dir='ltr'><strong><em>έκά-</em></strong></span> 
     </span>
    </p>

    <p class='ocr_par' dir='ltr' id='par_1_4' title="bbox 48 2840 1117 3525">
     <span class='ocr_line' id='line_1_27' title="bbox 48 2840 1058 2935; baseline 0.005 -26"><span class='ocrx_word' id='word_1_202' title='bbox 48 2861 100 2914; x_wconf 77' lang='lat'><strong><em>206</em></strong></span> <span class='ocrx_word' id='word_1_203' title='bbox 110 2866 176 2931; x_wconf 82' lang='grc' dir='ltr'><strong><em>στφ</em></strong></span> <span class='ocrx_word' id='word_1_204' title='bbox 189 2850 367 2932; x_wconf 74' lang='grc' dir='ltr'><strong><em>συμφέρεις</em></strong></span> <span class='ocrx_word' id='word_1_205' title='bbox 379 2852 426 2914; x_wconf 79' lang='grc' dir='ltr'><strong><em>ἔτι</em></strong></span> <span class='ocrx_word' id='word_1_206' title='bbox 436 2852 551 2914; x_wconf 83' lang='grc' dir='ltr'><strong><em>τοίνυν</em></strong></span> <span class='ocrx_word' id='word_1_207' title='bbox 560 2856 688 2933; x_wconf 77' lang='grc' dir='ltr'><strong><em>παρῆν,</em></strong></span> <span class='ocrx_word' id='word_1_208' title='bbox 712 2840 740 2915; x_wconf 79' lang='grc'><strong><em>95</em></strong></span> <span class='ocrx_word' id='word_1_209' title='bbox 751 2845 871 2935; x_wconf 85' lang='grc' dir='ltr'><strong><em>ἀνδρες</em></strong></span> <span class='ocrx_word' id='word_1_210' title='bbox 878 2845 1058 2934; x_wconf 79' lang='grc' dir='ltr'><strong><em>Ἀθηναῖοι,</em></strong></span> 
     </span>
     <span class='ocr_line' id='line_1_28' title="bbox 109 2943 1061 3036; baseline 0.004 -28"><span class='ocrx_word' id='word_1_211' title='bbox 109 2944 165 3008; x_wconf 80' lang='grc' dir='ltr'><strong><em>καὶ</em></strong></span> <span class='ocrx_word' id='word_1_212' title='bbox 173 2949 300 3027; x_wconf 74' lang='grc' dir='ltr'><strong><em>καθῆτο</em></strong></span> <span class='ocrx_word' id='word_1_213' title='bbox 311 2943 485 3030; x_wconf 73' lang='grc' dir='ltr'><strong><em>Εὔβουλος</em></strong></span> <span class='ocrx_word' id='word_1_214' title='bbox 495 2949 533 3013; x_wconf 82' lang='grc' dir='ltr'><strong><em>ἐν</em></strong></span> <span class='ocrx_word' id='word_1_215' title='bbox 544 2954 590 3036; x_wconf 80' lang='grc' dir='ltr'><strong><em>τῷ</em></strong></span> <span class='ocrx_word' id='word_1_216' title='bbox 603 2945 747 3036; x_wconf 82' lang='grc' dir='ltr'><strong><em>θεάτρφ,</em></strong></span> <span class='ocrx_word' id='word_1_217' title='bbox 755 2945 810 3015; x_wconf 82' lang='grc' dir='ltr'><strong><em>ὅτε</em></strong></span> <span class='ocrx_word' id='word_1_218' title='bbox 821 2945 839 3015; x_wconf 86' lang='grc' dir='ltr'>ὁ</span> <span class='ocrx_word' id='word_1_219' title='bbox 852 2952 953 3033; x_wconf 81' lang='grc' dir='ltr'><strong><em>δῆμος</em></strong></span> <span class='ocrx_word' id='word_1_220' title='bbox 963 2973 1061 3014; x_wconf 86' lang='grc' dir='ltr'><strong><em>κατε-</em></strong></span> 
     </span>
     <span class='ocr_line' id='line_1_29' title="bbox 109 3042 1060 3133; baseline 0.001 -26"><span class='ocrx_word' id='word_1_221' title='bbox 109 3042 317 3128; x_wconf 87' lang='grc' dir='ltr'><strong><em>χειροτόνησε</em></strong></span> <span class='ocrx_word' id='word_1_222' title='bbox 327 3048 488 3131; x_wconf 90' lang='grc' dir='ltr'><strong><em>Μειδίου,</em></strong></span> <span class='ocrx_word' id='word_1_223' title='bbox 510 3049 565 3112; x_wconf 79' lang='grc' dir='ltr'><strong><em>καὶ</em></strong></span> <span class='ocrx_word' id='word_1_224' title='bbox 576 3046 782 3133; x_wconf 81' lang='grc' dir='ltr'><strong><em>καλούμενος</em></strong></span> <span class='ocrx_word' id='word_1_225' title='bbox 798 3045 956 3131; x_wconf 79' lang='grc' dir='ltr'><strong><em>ὀνομαστί</em></strong></span> <span class='ocrx_word' id='word_1_226' title='bbox 967 3042 1060 3110; x_wconf 89' lang='grc' dir='ltr'><strong><em>ἀντι-</em></strong></span> 
     </span>
     <span class='ocr_line' id='line_1_30' title="bbox 109 3140 1059 3232; baseline 0.002 -26"><span class='ocrx_word' id='word_1_227' title='bbox 109 3147 291 3224; x_wconf 78' lang='grc' dir='ltr'><strong><em>βολοῦντος</em></strong></span> <span class='ocrx_word' id='word_1_228' title='bbox 301 3140 424 3209; x_wconf 82' lang='grc' dir='ltr'><strong><em>τούτου</em></strong></span> <span class='ocrx_word' id='word_1_229' title='bbox 433 3146 489 3211; x_wconf 80' lang='grc' dir='ltr'><strong><em>καὶ</em></strong></span> <span class='ocrx_word' id='word_1_230' title='bbox 499 3152 732 3232; x_wconf 83' lang='grc' dir='ltr'><strong><em>λιπαροῦντος,</em></strong></span> <span class='ocrx_word' id='word_1_231' title='bbox 741 3144 789 3224; x_wconf 76' lang='grc' dir='ltr'><strong><em>ὡς</em></strong></span> <span class='ocrx_word' id='word_1_232' title='bbox 800 3142 892 3229; x_wconf 83' lang='grc' dir='ltr'><strong><em>ὑμεῖς</em></strong></span> <span class='ocrx_word' id='word_1_233' title='bbox 904 3151 983 3228; x_wconf 87' lang='grc' dir='ltr'><strong><em>ῖστε,</em></strong></span> <span class='ocrx_word' id='word_1_234' title='bbox 996 3140 1059 3209; x_wconf 79' lang='grc' dir='ltr'><strong><em>οὐκ</em></strong></span> 
     </span>
     <span class='ocr_line' id='line_1_31' title="bbox 110 3235 1059 3331; baseline 0.001 -27"><span class='ocrx_word' id='word_1_235' title='bbox 110 3235 238 3324; x_wconf 88' lang='grc' dir='ltr'><strong><em>ἀνέστη.</em></strong></span> <span class='ocrx_word' id='word_1_236' title='bbox 272 3242 327 3307; x_wconf 77' lang='grc' dir='ltr'><strong><em>καί</em></strong></span> <span class='ocrx_word' id='word_1_237' title='bbox 344 3239 411 3327; x_wconf 80' lang='grc' dir='ltr'><strong><em>μην</em></strong></span> <span class='ocrx_word' id='word_1_238' title='bbox 427 3247 459 3309; x_wconf 89' lang='grc' dir='ltr'><strong><em>εί</em></strong></span> <span class='ocrx_word' id='word_1_239' title='bbox 473 3242 534 3328; x_wconf 72' lang='grc' dir='ltr'><strong><em>μὲν</em></strong></span> <span class='ocrx_word' id='word_1_240' title='bbox 549 3244 652 3330; x_wconf 76' lang='grc' dir='ltr'><strong><em>μηδέν</em></strong></span> <span class='ocrx_word' id='word_1_241' title='bbox 667 3241 861 3331; x_wconf 75' lang='grc' dir='ltr'><strong><em>ἠδικηκότος</em></strong></span> <span class='ocrx_word' id='word_1_242' title='bbox 876 3236 986 3325; x_wconf 82' lang='grc' dir='ltr'><strong><em>ἡγεῖτο</em></strong></span> <span class='ocrx_word' id='word_1_243' title='bbox 997 3249 1059 3326; x_wconf 86' lang='grc' dir='ltr'><strong><em>την</em></strong></span> 
     </span>
     <span class='ocr_line' id='line_1_32' title="bbox 110 3337 1059 3426; baseline 0.003 -24"><span class='ocrx_word' id='word_1_244' title='bbox 110 3337 280 3423; x_wconf 78' lang='grc' dir='ltr'><strong><em>προβολὴν</em></strong></span> <span class='ocrx_word' id='word_1_245' title='bbox 295 3347 514 3426; x_wconf 77' lang='grc' dir='ltr'><strong><em>γεγενῆσθαι,</em></strong></span> <span class='ocrx_word' id='word_1_246' title='bbox 536 3340 606 3410; x_wconf 89' lang='grc' dir='ltr'><strong><em>τότ’</em></strong></span> <span class='ocrx_word' id='word_1_247' title='bbox 625 3348 692 3411; x_wconf 84' lang='grc' dir='ltr'><strong><em>ἔδει</em></strong></span> <span class='ocrx_word' id='word_1_248' title='bbox 710 3339 823 3424; x_wconf 77' lang='grc' dir='ltr'><strong><em>τόνγε</em></strong></span> <span class='ocrx_word' id='word_1_249' title='bbox 840 3339 1059 3425; x_wconf 82' lang='grc' dir='ltr'><strong><em>φίλονδηποτ</em></strong></span> 
     </span>
     <span class='ocr_line' id='line_1_33' title="bbox 110 3435 1117 3525; baseline 0.002 -24"><span class='ocrx_word' id='word_1_250' title='bbox 110 3449 279 3503; x_wconf 86' lang='grc' dir='ltr'><strong><em>συνειπεῖν</em></strong></span> <span class='ocrx_word' id='word_1_251' title='bbox 290 3439 344 3504; x_wconf 79' lang='grc' dir='ltr'><strong><em>καὶ</em></strong></span> <span class='ocrx_word' id='word_1_252' title='bbox 354 3445 537 3525; x_wconf 76' lang='grc' dir='ltr'><strong><em>βοηθῆσαι·</em></strong></span> <span class='ocrx_word' id='word_1_253' title='bbox 561 3447 592 3509; x_wconf 86' lang='grc' dir='ltr'><strong><em>εί</em></strong></span> <span class='ocrx_word' id='word_1_254' title='bbox 606 3442 642 3508; x_wconf 70' lang='grc' dir='ltr'><strong><em>δέ</em></strong></span> <span class='ocrx_word' id='word_1_255' title='bbox 653 3435 837 3524; x_wconf 75' lang='grc' dir='ltr'><strong><em>καταγνοὺς</em></strong></span> <span class='ocrx_word' id='word_1_256' title='bbox 848 3437 975 3506; x_wconf 86' lang='grc' dir='ltr'><strong><em>ἀδικεῖν</em></strong></span> <span class='ocrx_word' id='word_1_257' title='bbox 986 3438 1059 3505; x_wconf 89' lang='grc' dir='ltr'><strong><em>τότε</em></strong></span> <span class='ocrx_word' id='word_1_258' title='bbox 1068 3452 1117 3504; x_wconf 80' lang='grc'><strong><em>581</em></strong></span> 
     </span>
    </p>
   </div>
   <div class='ocr_carea' id='block_1_3' title="bbox 0 0 1190 3854">
    <p class='ocr_par' dir='ltr' id='par_1_5' title="bbox 0 0 1190 3854">
     <span class='ocr_line' id='line_1_34' title="bbox 0 0 1190 3854; baseline 0 0"><span class='ocrx_word' id='word_1_259' title='bbox 0 0 1190 3854; x_wconf 95' lang='lat' dir='ltr'><strong><em> </em></strong></span> 
     </span>
    </p>
   </div>
  </div>
 </body>
</html>
