2370 3854
146 197 209 260 210
348 201 443 256 XXIV.
478 195 898 258 ΔΗΜΟΣΘΕΝΟΤΣ

147 362 217 425 ἄλλο
234 368 286 424 τοῦ
304 356 411 462 νόμον·
430 361 486 440 τήν
502 384 532 423 τε
546 354 604 443 γάρ
615 360 702 422 θέσιν
712 353 803 423 αὐτοῦ
814 362 957 466 μέμφεται
968 359 1006 465 53
1017 389 1100 447 γεγο-

147 453 236 554 55555
251 439 332 549 παρά
343 439 410 519 τοὺς
421 468 529 525 νόμους
534 489 544 522 ,
567 438 643 505 καί
627 446 768 505 υπεναυτί
767 466 801 505 ον
755 440 889 507 είναι
897 467 959 520 τοις
970 441 1101 527 ἄρχαίοις

146 529 228 611 φησί,
241 524 320 591 ταδ’
302 524 478 610 ασόμφορου
487 534 548 601 τοῖς
560 534 669 599 κοινοῖς
681 527 885 591 ἐπιδείκνυσιν.

434 662 565 720 ΕΤΕΡΑ
590 659 812 720 ΤΠΟΘΕΣΙΣ.

229 771 366 872 Πολέμου
376 767 580 874 τυγχάνοντος
593 765 763 874 Ἀθηναίοις
777 763 850 853 πρὸς
866 770 1002 851 βασιλέα,
1026 767 1101 835 κατὰ

144 861 247 918 τοῦτου
264 849 316 918 τὸν
333 850 439 937 χρόνον
455 851 571 959 ἐγράφη
588 850 729 936 ψήφισμα
745 859 820 916 σῦλα
835 855 946 917 πλοίων
955 859 1101 954 πολεμίων

145 935 221 1000 εἶναι
231 939 282 1000 καί
292 935 471 1019 γίνεσθαι
439 962 476 1000 τα
487 935 648 1042 τιμήματα
644 944 703 1001 τοῖν
708 941 831 1045 κλοπάγ
842 932 977 1038 δημόσια.
1004 935 1099 1001 Μαά-

144 1028 245 1099 σωλος,
256 1027 308 1166 τής
319 1022 433 1123 Καρίας
443 1018 603 1130 σατράπης,
615 1015 667 1095 τάς
677 1022 771 1124 πέραν
780 1016 890 1103 νήσους
899 1013 1006 1104 ήδίκει.
1029 1046 1098 1085 κατ-

144 1100 237 1185 εβόων
259 1127 274 1166 ο
276 1100 516 1187 ίβλαπτόμτνοι,
538 1106 590 1168 555
612 1098 680 1180 τοός
695 1098 873 1205 Ἀθηναίους
895 1105 1097 1169 ἐπεκαλοῦντο.

144 1190 223 1292 ἔδοξε
241 1183 292 1251 διά
304 1189 454 1272 πρέσβεων
463 1190 534 1264 τέαις
545 1182 776 1253 αἰτιάσασθαι
747 1212 800 1251 του
810 1193 906 1272 Κᾶρα.
934 1188 1099 1290 πέμπουσιν

144 1262 198 1376 555
212 1266 409 1356 Ἀνδροτίωνα
426 1274 476 1337 καί
494 1269 686 1375 Μελάνωηον
704 1274 756 1336 καί
772 1272 948 1376 Παντίτην
947 1265 1032 1375 πρός
1047 1266 1097 1379 τδρ

144 1352 271 1459 άρχουτα
280 1359 394 1461 Καρίας
404 1354 592 1459 Μαάσωλρν,
614 1351 666 1421 τόν
681 1363 732 1438 τῆς
740 1351 919 1503 Ἀρτεμισίας
935 1352 1031 1440 άνδρα
1048 1357 1099 1418 καὶ

144 1435 341 1519 άδελφδν,ὡς
351 1434 694 1545 άδιιιομηταταςνήσονς
705 1440 940 1544 αἰτιασαμένους,
952 1441 1003 1503 καλ
981 1444 1103 1547 τίβασι

144 1531 190 1585 λεῑ
196 1519 393 1626 χαριζόμενον,
404 1517 476 1587 δι’“
459 1548 495 1588 ου
505 1531 604 1599 κακῶς
615 1525 705 1586 ἐποίει
715 1517 783 1598 τοὺς
783 1517 939 1625 Ἕλληνας.
959 1513 1040 1588 οὗτοι
1049 1526 1103 1602 νηῒ

142 1604 342 1706 περιτυχόντες
353 1612 579 1754 Νανκρατιτική
588 1603 740 1752 Αίγόπτια
750 1602 855 1692 ἐχοάση
871 1609 978 1690 φορτία
988 1608 1099 1692 (διεκό-

142 1695 226 1790 μιζον
237 1689 269 1752 δὲ
279 1685 400 1792 τούτους
409 1691 477 1765 τοὺς
487 1691 621 1791 πρέσβεις
632 1690 696 1774 Ἀρχ
697 1689 773 1791 ἐβιος
784 1691 835 1752 καί
844 1694 1029 1770 Λυσιθείδης
1030 1714 1100 1785 τρι-

141 1771 280 1856 ήραρχοι)
293 1769 473 1878 κατάγουσιν
483 1769 561 1850 εἰς
533 1797 585 1837 τον
595 1766 766 1876 Πειραιᾶ
735 1797 790 1856 την
799 1767 921 1836 ὁλκάδα.
942 1773 993 1835 καί
1004 1769 1100 1872 55755

142 1856 308 1961 γενομέναν
318 1864 379 1931 τοῖς
390 1865 420 1919 Α
421 1860 565 1959 ίγγπτίοις
575 1851 649 1940 πρός
660 1850 711 1920 τόν
723 1858 818 1958 δήμου
829 1857 881 1918 555
891 1847 1098 1934 ίκετείας,οό-

144 1929 230 2002 555
205 1963 295 2021 ηττον
307 1934 455 2022 κρίθη
423 1964 466 2003 τα
469 1965 603 2024 χρηματα
613 1936 688 2004 εἶναι
700 1933 855 2042 5555555‘
836 1964 875 2013 ως
885 1935 1065 2041 πολεμίων
1049 1962 1098 2001 ον-
1107 1942 1158 1997 696

143 2048 203 2086 των
219 2025 435 2126 τῶνΑίγνπτί
419 2047 469 2086 αν.
502 2026 597 2128 νόμον
614 2017 944 2125 δὲπροστήττοντοςτδυ
954 2017 1098 2124 χρησάμε-

145 2131 198 2170 νον
201 2109 365 2208 δημοσίοις
379 2103 525 2191 χρήμασιν
541 2101 623 2171 ἐκΗ
609 2100 744 2171 ενιαντδυ
760 2100 829 2172 όλον
846 2101 987 2169 διπλάσια
1008 2112 1099 2168 ταῦτα

145 2186 275 2294 διδόναι,
298 2191 503 2295 κατασχόντες
509 2194 541 2254 οί
553 2180 739 2275 πρέσβεις
703 2214 784 2256 ουτοι
800 2186 929 2253 τάλαντα
946 2189 997 2253 ἐυυ
998 2189 1031 2253 ἐα
1048 2191 1099 2288 555

143 2271 302 2380 τριάκοντα
317 2281 394 2356 μνᾶς
410 2281 469 2340 τῶν
485 2268 677 2358 άπεμποληθέ
676 2299 754 2338 ντων
771 2277 900 2358 φορτίων
916 2274 1002 2337 ἐκ
966 2298 1018 2356 της
1027 2297 1099 2348 νεως

143 2355 312 2423 ὑπεύθυνοι
329 2360 505 2460 ἐγίηοντο
475 2365 517 2422 τῶ
535 2363 666 2463 δημοσίηο
677 2358 778 2459 55555
766 2359 944 2446 διπλασία.
978 2355 1099 2421 σπανιό-
1118 2392 1121 2397 -

144 2467 228 2522 τητος
246 2442 278 2504 δὲ
289 2438 451 2546 χρημάτων
467 2422 727 2546 κάγασηοόσηςτόν
739 2421 859 2543 δήμου,
865 2435 1067 2544 Αριστοφοου
1057 2465 1100 2516 τις

145 2525 318 2629 δημαγυγδς
336 2526 448 2629 ἐγραήι
463 2523 639 2608 ψήφισμαὲ
624 2527 743 2590 ἑλέσθαι
758 2520 879 2606 ζητητάς
895 2531 955 2587 τῶν
956 2519 1099 2626 ὀφειλόν-

143 2635 202 2710 την
213 2633 248 2696 τη
235 2605 341 2672 πόλει
352 2603 431 2671 555'
413 2611 670 2713 αποπειρωμέυων
670 2612 841 2710 διαλαθεῖν,
852 2609 903 2669 555
913 2602 1033 2680 τοότους
1043 2632 1099 2712 μη-

145 2689 234 2756 νόιιν.
238 2687 600 2795 ἐμήνυσενΕόιιτήμυνό
617 2687 690 2796 πρός
698 2686 894 2794 Ἀνδροτίωνα
909 2694 1008 2794 μιηροῖ
1025 2688 1098 2771 πρό-

144 2783 217 2838 σθεν
228 2769 455 2858 άγωντσάμενος,
463 2803 531 2840 νννι
522 2777 575 2840 55
584 2771 656 2861 πρός
667 2771 860 2879 Τιμοηράτηη,
869 2768 958 2855 ἔχειν’
953 2779 1019 2856 on
1019 2773 1099 2881 ἐβιοη

143 2859 388 2963 καίΛυσυθείδην
399 2861 478 2924 55
442 2886 493 2943 της
502 2863 667 2943 Αἰγυπτίας
679 2854 804 2933 ὁλκάδος
813 2855 941 2965 τάλαητα
952 2856 1037 2961 55555
1048 2858 1099 2920 555

142 2938 303 3047 τριάκοντα
313 2950 397 3046 μνᾶς.
431 2946 543 3030 ἔγραψε
554 2945 587 3007 δὲ
596 2938 731 3046 δηλονότι
742 2939 868 3045 555755
871 2941 926 3024 μὲν
936 2935 991 3024 τήν
1003 2940 1035 3003 ἐκ
1046 2946 1099 3004 τοῦ

142 3035 315 3131 προφανοῦς
325 3022 399 3131 πρὸς
406 3022 654 3136 ’11555055555'
611 3052 717 3132 μαγην,
729 3021 780 3090 διά
790 3026 868 3090 55
831 3051 883 3108 της
893 3020 1099 3109 τῶντριηράρ-

143 3104 776 3260 55555555505555555555555055555555
764 3104 979 3212 Ἀνδροτίοηνι
1003 3109 1098 3170 διαδι-

143 3199 247 3271 κασίας
257 3197 289 3261 55
296 3198 453 3280 γενομένης
461 3203 521 3271 τοῖς
529 3197 665 3302 πρέσβεσι
675 3188 826 3297 πρὸςτοδς
835 3189 1036 3294 τριηράρχους,
1046 3186 1098 3272 55-

144 3276 329 3384 τήθησανί
298 3306 313 3344 ο
341 3282 475 3383 πρέσβεις
486 3280 535 3343 καί
549 3286 675 3360 νιφειλον
685 3304 721 3342 τα
732 3274 873 3361 χρήματα.
904 3270 1098 3381 5555555555-

143 3385 192 3434 τος
210 3362 292 3426 δὲ’
256 3389 349 3444 νυμον
367 3359 418 3429 τόν
435 3358 590 3443 ὀφείλοντα
607 3363 653 3425 ἐπί
664 3385 715 3424 τον
702 3364 862 3441 δευτέρου
874 3361 1009 3424 ἐνιαυτοῦ
1020 3359 1099 3421 διδέ-
