2370 3854
313 216 456 277 ΠΡΟΣ
475 213 834 276 ΑΠΑΤΟΥΡΙΟΝ.
988 215 1050 278 383

95 381 170 462 περὶ
186 375 249 464 τήν
265 384 392 463 γνῶσιν
409 383 468 459 τῆς
487 379 611 460 διαίτης
621 371 823 463 Ἀπατουρίῳ
841 380 896 445 καί
906 385 954 469 τῷ
964 383 1051 447 δίαν

93 485 175 565 τητή
191 479 389 559 πέπρακται,
411 473 472 540 ἐάν
488 497 567 540 ποτε
579 482 675 560 σωθή
687 470 704 541 ό
718 471 931 560 ήδικημένος,
954 482 1051 564 δίκην

94 572 173 660 παρ’
196 571 309 641 αὐτῶν
330 572 482 658 λήψεται·
510 570 621 657 ἐπειδή
643 570 674 639 δ’
700 578 745 652 εἰς
765 582 863 642 τοῦτο
886 576 1052 663 ἐλήλυθεν

90 671 305 755 Ἀπατούριος
328 668 496 749 ἀναιδείας
518 667 601 736 ὥστε
619 669 716 757 κάμοὶ
736 671 914 757 δικάζεται,
935 676 1050 757 ἐπιφέ-

94 796 163 857 ρων
175 777 283 838 αἰτίαν
294 766 337 847 ὡς
348 767 551 855 ἀνεδεξάμην
563 771 713 853 ἐκτίσειν,
721 780 753 838 εί
758 797 789 837 τι
799 777 1048 857 καταγνωσθείη

93 878 155 935 τοῦ
165 871 416 954 Παρμένοντος,
437 871 491 934 καὶ
504 869 607 954 φησίν
618 870 825 955 ἐγγραφῆναι
837 876 884 947 είς
894 868 952 947 τάς
966 888 1050 935 συν-

94 966 202 1051 θήκας
213 966 268 1050 ἐμὲ
279 969 461 1050 ἐγγυητήν,
481 963 592 1050 εόσπερ
604 966 762 1052 προσήκει
772 967 930 1054 τοιαύτην
942 972 1050 1036 αἰτίαν

94 1063 346 1149 ἀπολύσασθαι,
370 1072 504 1147 πρῶτον
522 1065 583 1150 μὲν
599 1063 679 1150 ὑμῖν
697 1065 1049 1155 μάρτυραςπαρασχή-

94 1184 193 1249 σομαι
210 1159 254 1242 ως
264 1159 327 1230 οὐκ
337 1159 556 1248 ήγγυησάμην
566 1162 631 1245 ἐγω
642 1162 702 1229 τόν
711 1167 947 1251 Παρμένοντα,
971 1163 1045 1232 ἀλλ’

87 1259 264 1348 Ἀρχιππος
274 1260 663 1346 Μυρρινούσιος,ἐπειτα
674 1262 872 1347 πειράσομαι
882 1267 937 1331 καὶ
948 1267 984 1331 ἐκ
995 1289 1050 1330 τε-

94 1366 245 1446 κμηρίων
261 1356 323 1442 τήν
340 1356 523 1442 αἰτιολογίαν
541 1359 764 1445 ποιήσασθαι,
787 1352 944 1448 ἀάνδρες
955 1366 1049 1428 δικα-

50 1466 177 1531 23σταί.
209 1456 423 1542 πρῶτονμὲν
444 1450 508 1524 οὖν
529 1457 588 1524 τόν
609 1458 733 1543 χρόνον
753 1463 885 1547 ἐμαυτῷ
904 1458 1050 1545 ἡγοῦμαι

94 1555 246 1644 μάρτυρα
263 1554 347 1624 είναι
358 1564 421 1622 τοῦ
433 1553 476 1642 μή
489 1554 613 1642 ἀληθές
622 1554 658 1622 τό
671 1561 816 1642 ἔγκλημα
828 1554 920 1625 είναι.
954 1554 1049 1642 ήμέν
1058 1570 1110 1626 900

93 1653 157 1742 γάρ
170 1654 327 1741 ἐπιτροπὴ
338 1655 445 1744 τούτῳ
458 1651 540 1740 πρός
551 1652 610 1721 τόν
621 1658 839 1740 Παρμένοντα
851 1661 962 1740 τρίτον
979 1660 1049 1735 ἔτος

93 1756 208 1839 γέγονε
226 1755 280 1820 καὶ
297 1751 317 1839 ή
335 1761 459 1838 γνῶσις
475 1761 537 1820 τοῦ
549 1750 809 1840 Ἀριστοκλέους·
830 1758 867 1820 αί
886 1755 921 1822 δὲ
943 1753 1049 1840 λήξεις

93 1861 161 1919 τῶν
179 1856 281 1919 δικῶν
290 1867 358 1930 τοῖς
375 1852 530 1939 ἐμπόροις
549 1857 690 1938 ἔμμηνοί
705 1859 787 1920 εἰσιν
804 1851 869 1920 ἀπὸ
889 1859 949 1919 τοῦ
966 1859 1049 1939 βοη-

94 1956 278 2038 δρομιῶνος
297 1953 392 2038 μέχρι
412 1959 475 2021 τοῦ
496 1959 741 2039 μουνυχιῶνος,
774 1956 830 2021 ἵνα
850 1959 1048 2038 παραχρῆμα

92 2058 161 2116 των
180 2054 315 2117 δικαίων
333 2051 488 2135 τυχόντες
503 2049 702 2134 ἀνάγωνται.
735 2056 766 2118 εί
781 2051 821 2137 δή
843 2058 882 2138 τῇ
906 2048 1047 2136 ἀληθεία

93 2146 252 2234 ἐγγυητής
261 2141 305 2233 ήν
316 2154 377 2212 τοῦ
389 2152 638 2231 Παρμένοντος,
663 2148 716 2215 διά
728 2156 762 2215 τί
769 2155 903 2232 πρῶτον
913 2150 974 2233 μέν
985 2147 1048 2215 οόκ

93 2244 197 2320 εὐθὺς
214 2252 272 2329 τῆς
288 2243 444 2327 γυοέσεως
459 2247 638 2331 γενομένης
649 2244 825 2330 ἐπράττετο
837 2242 898 2329 τήν
909 2246 1048 2330 ἐγγόην;

50 2341 135 2415 24οό
152 2339 217 2426 γάρ
234 2341 273 2425 δή
291 2341 391 2408 τοῦτό
408 2339 440 2425 γ’
460 2339 552 2431 αὐτῷ
569 2348 618 2409 ἕνι
629 2346 748 2427 εἰπεῖν,
772 2340 816 2419 ὡς
827 2340 880 2408 διά
891 2339 953 2427 τὴν
965 2342 1048 2424 πρός

92 2440 147 2527 ἐμὲ
163 2447 278 2526 φιλίαν
297 2439 395 2507 ὤκνει
412 2466 469 2526 μοι
485 2438 701 2527 ἀπεχθέσθαι.
735 2437 909 2526 αάτόςγάρ
922 2442 1045 2507 είσεπέ-

91 2563 217 2625 πρακτο
235 2535 296 2606 ὑπ’
313 2541 396 2624 ἐμοῦ
413 2538 495 2623 πρὸς
510 2545 636 2627 ἔχθραν
652 2537 710 2618 τάς
719 2546 822 2625 χιλίας
834 2539 979 2625 δραχμὰς
989 2538 1047 2616 τάς

91 2649 152 2708 τοῦ
162 2641 413 2726 Παρμένοντος,
434 2640 489 2706 καί
506 2637 557 2706 ὅτ’
575 2639 727 2724 ἐξώρμιζε
738 2635 801 2724 τήν
812 2646 901 2705 ναῦν
911 2641 1048 2722 ἐπιβου-

92 2740 201 2807 λεόων
211 2737 396 2825 ἀποδρᾶναι
408 2736 494 2807 καὶ
454 2745 694 2859 αποστερήσαι
705 2763 742 2804 το
732 2734 851 2805 ἐπὶ
815 2762 876 2823 την
884 2736 1047 2821 τράπεζαν

92 2838 210 2921 χρέως,
233 2833 424 2922 ἐκωλύθη’
404 2860 452 2902 νπ
454 2833 572 2923 ’ἐμοτλ
608 2833 693 2904 όέστε
719 2830 790 2906 εί
768 2864 811 2923 ην
839 2833 1046 2924 ήγγυημένος

92 2926 156 3018 ἐγω
168 2931 227 3000 τόν
237 2936 470 3020 Παρμένοντα,
483 2932 545 3001 οὐκ
556 2929 599 3001 ἀν
609 2942 707 3023 τρίτῳ
720 2932 818 3002 έτει“
794 2953 953 3018 υστερου,
971 2929 1044 2999 ἀλλ’

49 3059 82 3110 25
93 3030 197 3109 εὐθὺς
217 3030 290 3099 τότε
312 3031 564 3119 είσέπραττεν
542 3060 584 3099 αυ
600 3059 641 3118 με
658 3030 721 3119 τήν
738 3029 871 3116 ἐγγυην.
905 3027 987 3097 ἀλλά
1004 3055 1045 3112 νη

91 3137 159 3198 Δία
171 3127 321 3213 εὐπόρως
331 3129 529 3212 διέκειτο,
509 3129 576 3195 ω’στ
580 3127 765 3213 ’ἐνεδέχετο
779 3124 870 3216 αάτηι
857 3124 971 3193 ”καί”
948 3144 1045 3191 οστε-

93 3255 154 3313 ρον
173 3224 225 3296 ἐπ’
243 3228 297 3314 ἐμὲ
315 3229 442 3316 ἐλθεῖν,
465 3228 538 3296 τότε
551 3225 581 3294 δ’
596 3224 743 3311 ἀσχόλως
753 3223 817 3310 εἶχε
828 3227 902 3311 περί
914 3220 1042 3307 ἀναγω

91 3326 156 3412 γὴν
174 3324 230 3394 ἀν.
263 3323 347 3393 ἀλλά
366 3324 412 3394 δι’
432 3325 575 3413 ἀπορίαν
593 3325 768 3411 ἐξειστήκει
782 3329 850 3390 τῶν
860 3324 982 3390 ἑαυτοῦ
991 3326 1045 3389 καὶ

91 3426 152 3508 τὴν
169 3431 258 3492 ναῦν
274 3425 459 3509 ἐπεπράκει.
493 3432 523 3493 εί
539 3423 571 3492 δ’
590 3423 647 3510 ἀρ’
666 3422 820 3511 ἐμποδών
829 3449 860 3490 τι
871 3420 963 3512 αὐτῷ
975 3423 1046 3506 ἐγέ-
