2370 3854
327 261 468 323 ΚΑΤΑ
498 263 743 328 MEIAIOY.
843 274 845 279 ’
975 268 1017 332 85

104 448 181 526 μμτα
192 419 244 488 τὸν
254 425 307 534 μὲν
315 417 504 526 Ἀρίσταρχον
515 421 655 515 άθροον’
637 436 767 512 αφεῖναι,
781 435 968 514 Δημοσθένει
986 433 1018 498 δὲ

104 503 159 589 τὴν
169 511 290 592 γραφὴν
301 515 353 571 τοῦ
364 505 460 588 φόνου
470 491 752 595 παραγράψασθαι]

147 621 238 707 Λαβε
249 619 291 707 δη
302 647 358 706 μοι
369 646 430 688 τον
441 622 516 707 περὶ
525 648 594 689 των
605 623 779 710 δωρων
737 651 853 712 νομον
1027 637 1079 690 550

10 719 54 772 [⁰8
144 717 231 787 '‘'Ev
210 739 279 810 οσρι
292 717 372 788 δὲ
337 746 399 789 τον
410 720 544 806 νόμον,
556 747 581 788 ω
571 714 911 810 άνδρεςἈθηναῑοι,
934 736 1019 810 λαμ-

63 817 169 904 βάνει,
177 818 343 905 βούλομαι
353 817 453 905 μικρά
465 816 549 906 πρὸς
559 817 646 904 ὑμᾶς
656 827 770 906 εἰπεῖν,
780 822 911 907 δεηθεὶς
922 820 1018 907 ὑμῶν

63 913 223 983 ἁπάντων
247 913 330 1000 πρὸς
350 914 434 995 Λιὸς
455 918 510 985 καὶ
530 923 639 1003 θεῶν,
663 910 690 985 ὦ
712 917 832 1005 ἄνδρες
852 925 1005 989 δικασταί
1010 947 1027 961 ··

63 1017 138 1102 περὶ
151 1014 288 1083 πάντων
301 1007 350 1082 οὖν
361 1011 405 1082 άν
416 1013 569 1102 ἀκούητε,
576 1014 672 1084 τοῦθ’
683 1013 869 1098 ὑποθέντες
880 1016 1018 1087 άκούετε

61 1121 102 1201 τῇ
112 1111 244 1202 γνωμη,
256 1120 291 1181 τί
298 1110 356 1200 άν,
370 1123 403 1184 εί
408 1140 456 1193 τις
467 1120 587 1200 ἔπασχε
598 1113 698 1183 ταῦθ’
713 1114 825 1203 ὑμῶν,
838 1121 951 1204 ἐποίει,
963 1120 1019 1186 καὶ

61 1211 125 1279 τίν’
150 1207 194 1279 άν
217 1212 302 1298 εἶχεν
321 1210 426 1298 ὀργὴν
442 1209 526 1296 ὑπὲρ
545 1209 653 1279 αὑτοῦ
669 1211 752 1295 πρὸς
768 1212 829 1282 τὸν
846 1224 1016 1284 ποιοῦντα.

62 1307 125 1396 ἐγω
144 1311 208 1394 γάρ
226 1307 392 1396 ἐνηνοχως
408 1316 558 1393 χαλεπῶς
575 1306 630 1392 ἐφ’
650 1305 699 1387 οἱς
711 1309 832 1394 περὶ
795 1337 858 1397 την
865 1321 1019 1430 λειτουρ

61 1416 138 1493 γίαν
160 1406 345 1526 ὑβρίσθην,
371 1412 418 1474 ἔτι
441 1411 553 1496 πολλῷ
574 1400 878 1491 χαλεπώτερον,
851 1435 876 1474 ω
899 1409 1018 1496 ἄνδρες

58 1505 242 1590 Αθηναῖοι,
250 1529 379 1583 τουτοις
388 1518 456 1584 τοῖς
466 1529 548 1590 μετα
558 1529 662 1571 ταυτα
673 1504 814 1592 ἐνηνοχα
825 1511 881 1576 καί
889 1515 1018 1595 μαλλον

10 1624 54 1678 09
10 1628 284 1689 ηγανακτηκα
319 1608 354 1670 τί
366 1628 431 1688 γαρ
449 1629 493 1682 ως
510 1598 647 1688 άληθως
664 1604 766 1687 πέρας
782 1599 827 1671 άν
838 1605 958 1691 φήσειέ
969 1631 1018 1686 τις

63 1700 149 1769 εἶναι
164 1709 280 1781 κακίας
296 1704 351 1770 καὶ
360 1700 424 1771 τίν
438 1697 631 1788 ὑπερβολὴν
641 1697 810 1780 ἀναιδείας
820 1699 911 1769 καλ’
887 1703 1017 1788 ωμότη-

61 1827 117 1879 τος
127 1802 183 1868 καὶ
193 1799 333 1888 ὕβρεος,
345 1800 526 1886 άνθρωπος
537 1806 567 1868 εί
577 1798 717 1886 ποιήσας
728 1798 819 1867 δεινά
832 1801 873 1888 νὴ
885 1808 952 1869 Δία
962 1804 1018 1870 καὶ

61 1899 168 1966 πολλά
180 1896 302 1979 άδίκως
312 1898 399 1978 τινά,
425 1897 499 1968 ἀντὶ
515 1907 578 1967 τοῦ
594 1896 688 1966 ταῦτ’
702 1896 951 1986 ἀναλαμβάνειν
962 1905 1018 1968 καί

61 1996 349 2083 μεταγιγνώσκειν,
360 2005 471 2084 πολλῷ
484 1998 653 2083 δεινότερα
662 1994 805 2082 ὕστερον
815 1996 899 2064 άλλα
911 2021 1018 2084 προσ·
1102 2049 1107 2068 ,ψ

62 2096 280 2183 εξεργάξοιτο,
303 2100 358 2165 καλ
368 2104 474 2187 χρῷτο
487 2103 534 2183 τῷ
546 2102 703 2164 πλουτεῖν
713 2095 757 2182 μή
780 2098 834 2164 ἐπὶ
853 2104 958 2164 ταῦτα
980 2100 1017 2165 ἐν
1106 2087 1116 2099 ”

60 2189 110 2272 οἷς
120 2198 247 2280 μηδένα
257 2195 414 2282 βλάπτων
426 2193 526 2273 αὐτὸς
537 2194 674 2280 άμεινόυ
685 2220 715 2260 τι
726 2201 793 2261 τείν
805 2199 899 2262 ίδίων
911 2195 1017 2279 θήσε-

61 2318 131 2375 ται,
144 2289 218 2360 ἀλλ’
233 2295 284 2358 ε’πλ
294 2291 453 2358 τάναντία
477 2295 514 2360 έν
525 2288 574 2369 οἷς
584 2290 706 2368 ἀδίκως
716 2291 867 2376 ίκβαλοίν
877 2316 952 2357 τινα
963 2294 1017 2359 καί

10 2394 310 2473 λλοπροπηλακίσας
322 2386 428 2456 αὑτὸν
441 2388 645 2474 εὐδαιμονιεῖ
651 2395 708 2474 τῆς
719 2395 924 2472 περιουσίας;
935 2397 1018 2457 ταΰ-

62 2511 102 2551 τα
111 2484 236 2570 τοίνυν,
246 2477 273 2552 ά
284 2484 590 2572 άνδρεςἈθηναϊοι,
599 2486 824 2577 πάντατούτῳ
834 2491 1017 2574 πέπρακται

61 2581 135 2651 κατ’
153 2586 243 2669 ἐμοῦ.
277 2583 412 2671 καὶγὰρ
431 2591 539 2654 αἰτίαν
555 2585 701 2671 ἐπήγαγέ
715 2611 771 2671 μοι
788 2585 900 2672 φόνου
910 2592 1016 2674 ψευδῆ

61 2687 117 2750 καλ
129 2680 228 2751 οὐδὲν
240 2685 311 2769 ἐμοὶ
323 2678 577 2771 προσήκουσαν,
596 2683 639 2763 ὡς
650 2683 687 2754 τὸ
699 2690 834 2771 πρᾶγμα
846 2683 927 2754 αὐτὸ
939 2685 1018 2772 ἐδή-

61 2791 164 2866 λωσε,
176 2783 230 2848 καὶ
239 2779 375 2869 γραφὴν
386 2788 577 2863 λιποταξίου
587 2808 628 2868 με
638 2785 805 2867 ἐγράψατο
817 2797 903 2867 τρεῖς
915 2783 1017 2863 αὐτὸς

60 2882 167 2960 τάξεις
179 2878 348 2965 λελοιπώς,
363 2884 497 2949 καὶτῶν
508 2884 544 2950 ἐν
554 2879 683 2968 Εὐβοία
696 2881 900 2967 πραγμάτων
912 2886 1017 2967 (τουτὶ

60 2977 124 3065 γάρ
147 2970 191 3046 αὖ
212 2987 334 3066 μικροῦ
349 2983 505 3068 παρῆλθέ
519 3007 559 3066 με
571 2986 706 3068 εἰπεῖν),
728 2979 750 3047 δι’
767 2981 982 3067 Πλούταρχος
999 2978 1017 3048 ὁ

60 3076 183 3144 τούτου
197 3081 288 3158 ξένος
299 3080 353 3148 καὶ
365 3085 463 3166 φίλος
474 3080 680 3167 διεπράξατο,
694 3077 739 3158 οἱς
749 3077 813 3164 ἐγώ
827 3079 930 3156 αίτιός
942 3083 1018 3164 είμι,

60 3177 277 3256 κατεσκεύαζε
288 3175 352 3264 πρὸ
363 3187 424 3245 τοῦ
434 3176 471 3246 τὰ
483 3186 619 3265 πρᾶγμα
635 3182 795 3264 γενέσθαι
812 3185 894 3244 πᾶσι
912 3203 1019 3264 φανε-

10 3272 122 3362 [ιιρόν
134 3273 189 3343 διά
199 3274 418 3362 Πλουτάρχου
429 3278 576 3365 γεγονός.
599 3280 655 3346 καὶ
666 3285 831 3345 τελευτῶν
840 3277 1018 3364 βουλεύειν
1026 3304 1075 3359 551

59 3400 125 3459 μου
137 3373 296 3459 λαχόντος
307 3378 568 3460 δοκιμαζομένου
576 3375 763 3463 κατηγόρει,
771 3373 872 3444 καὶτὸ
882 3384 1018 3463 πρᾶγμα

61 3480 107 3554 είς
118 3472 317 3558 ὑπέρδεινόν
327 3498 384 3560 μοι
395 3475 564 3564 περιέστη·
587 3472 659 3543 ἀντὶ
674 3471 739 3560 γάρ
751 3482 813 3542 τοῦ
824 3477 921 3561 δίκην
931 3472 1016 3554 ὑπὲρ
