2370 3854
180 189 242 254 280
379 192 463 249 ταν.
488 187 926 268 [Λααοτοααοντ]

180 349 391 437 προσήκοντα
402 349 557 434 πράττοι,
581 344 665 414 άλλά
683 354 750 415 πᾶν
761 345 796 414 τό
809 349 1134 434 τεταγμένονέξελάω

181 470 240 527 σας
257 450 393 526 ἕκαστος
411 449 447 515 έκ
465 455 527 514 τοῦ
544 451 621 533 βίου
632 442 693 531 τὴν
711 448 833 513 ἑαυτοῦ
842 447 1003 535 βούλησιν
1013 446 1133 536 νόμον,

180 544 296 631 άρχην,
309 541 411 612 πάνθ’
425 543 674 630 ὑπολαμβάνοι·
698 549 728 611 εί
735 552 839 611 ταῦτα
851 560 1018 633 ποιοῖμεν,
1041 552 1134 614 ἔστιν

181 652 227 712 ἔτι
247 642 309 731 τὴν
327 645 427 712 πόλιν
445 648 627 723 οίκεῖσθαις
649 648 683 709 τί
697 643 735 710 δέ
738 671 747 722 3
770 640 848 722 τοὺς
859 645 984 729 νόμους
994 651 1134 729 κυρίους

181 743 279 822 εἶναι;
301 743 410 829 πόσην
421 740 452 810 δ’
466 737 509 808 άυ
521 751 633 809 οἴεσθε
650 749 728 829 βίαν
739 745 794 809 καὶ
806 739 907 830 ὑβριν
917 746 970 813 καὶ
982 767 1136 828 παρανο·

181 849 260 927 μίαν
278 844 314 908 έν
331 838 442 928 ὑπάση
458 848 499 928 τῇ
515 840 608 907 πόλει
625 837 699 906 καθ’
714 841 855 928 ἑκάστην
870 840 932 928 την
942 839 1069 928 ἡμέραν
1079 850 1133 927 γέ-

181 950 322 1026 γνεσθαι
338 941 392 1007 καὶ
408 943 622 1027 βλασφημίαν
641 935 713 1007 άντὶ
729 947 788 1027 τῆς
810 948 875 1008 νύν
893 941 1056 1026 εὐφημίας
1076 942 1135 1008 καὶ

138 1038 319 1117 ῖῖτάξεωςς
340 1038 395 1104 καὶ
405 1043 440 1103 τί
449 1040 502 1103 δεῖ
509 1039 618 1123 λέγειν
635 1033 686 1103 ὅτι
704 1052 771 1116 τοῖς
782 1038 898 1124 νόμοις
920 1037 1050 1106 ἅπαντα
1072 1064 1135 1107 κο-

182 1133 1177 1222 σμεῖταικαὶτῷτούτοιςπείθεσθαιςἀλλ’ὑμεῖςαύτοὶπάν-ῖῖ

184 1261 252 1302 των
263 1234 337 1319 άρτι
348 1238 587 1322 κληρουμένων
596 1232 791 1321 Ἀθηναίων,
803 1237 858 1302 καί
869 1234 1005 1302 πάντων
1016 1228 1056 1302 εὑ
1066 1232 1133 1303 οἶδ’

180 1331 231 1401 ὅτι
241 1337 456 1421 βουλομένων
467 1340 512 1413 είς
523 1342 621 1402 τοῦτο
640 1342 752 1419 λαχεῖν
769 1332 805 1402 τό
824 1336 1051 1420 δικαστήριον,
1069 1334 1135 1419 μό-

180 1459 233 1502 νοι
245 1433 386 1514 δικάζεθ’
401 1433 489 1521 ἡμῖν.
524 1431 578 1503 διά
590 1440 635 1512 τίς
664 1431 716 1499 ὅτι
733 1433 880 1518 ἐλάχετε,
903 1430 962 1501 εἶτ’
986 1429 1134 1517 άπεκλη-

180 1532 328 1618 ράθητε·
349 1541 453 1601 ταῦτα
464 1533 499 1600 δὲ
510 1537 545 1600 οί
553 1533 650 1619 νόμοι
662 1534 825 1616 λέγουσιν.
859 1528 918 1599 εἷθ’
932 1528 1025 1615 ὑμεῖς
1037 1526 1134 1599 αὐτοὶ

180 1628 262 1696 κατά
279 1632 357 1710 τούς
379 1632 504 1716 νόμους
527 1629 780 1716 εἰσεληλυθότες
798 1627 858 1697 τδν
875 1625 964 1711 παρὰ
981 1627 1059 1704 τοὺς
1070 1628 1134 1694 νό-

179 1753 263 1813 μους
275 1731 384 1813 λέγειν
394 1725 416 1814 η’
427 1728 584 1814 πράττειν
600 1755 631 1796 τι
651 1728 847 1814 βιαζόμενον
864 1724 1022 1811 λαβόντες
1039 1721 1133 1809 άφή-

180 1844 268 1904 σετε;
289 1829 343 1894 καὶ
360 1823 469 1905 ούδείς
487 1825 583 1912 ὑμῶν
598 1825 702 1912 χολὴν
716 1822 794 1892 οὐδὲ
811 1821 915 1908 ὀργην
925 1826 1008 1907 ἔχων
1020 1823 1134 1909 φανη-

182 1942 272 1988 σεται
284 1920 333 2007 ἐφ’
345 1920 421 2001 οἷςὺ
435 1922 596 2009 βδελυρός
607 1927 661 1991 καὶ
679 1921 815 2007 άναιδῆς
827 1920 1007 2005 άνθρωπος
1018 1916 1133 1988 οὑτοσὶ

136 2034 172 2089 28
182 2019 325 2107 βιάζεται
335 2018 413 2098 τοὺς
424 2020 564 2105 νόμους;
591 2017 644 2105 ὃς,
670 2012 897 2105 άμιαράτατε
916 2021 1052 2086 πάντων
1062 2028 1132 2086 τοῖν

183 2118 291 2186 ὄντων
312 2116 522 2205 άυθρύπων,
546 2124 755 2205 κεκλειμένης
776 2137 839 2185 σου
855 2125 912 2205 τῆς
924 2120 1073 2198 ἐξουσίας
1089 2115 1132 2185 ού

182 2224 347 2301 κιγκλίσιν
358 2215 439 2286 οὑδὲ
448 2219 581 2306 θύραις,
594 2216 615 2285 δ
626 2219 681 2286 καὶ
693 2223 920 2301 παρανοίξειεν
931 2214 975 2283 άν
986 2243 1049 2302 τις,
1070 2210 1133 2284 άλ-

183 2314 223 2383 λά
235 2315 406 2396 τοσούτοις
422 2319 477 2386 καὶ
499 2317 703 2404 τηλικούτοις
720 2312 906 2402 ὀφλήμασι,
929 2317 983 2381 καὶ
1003 2312 1135 2381 τούτων

183 2412 272 2497 παρά
285 2423 326 2501 τῇ
335 2422 406 2505 θεῷ
418 2417 597 2501 κειμένων,
616 2420 662 2493 είς
673 2414 710 2482 τὸ
722 2413 814 2491 έντδς
826 2412 954 2481 τούτων
964 2412 1067 2499 βιάζει
1078 2414 1133 2478 καὶ

184 2515 357 2597 προσέρχει
374 2513 457 2597 πρὸς
474 2512 580 2599 ταῦτ’,
605 2510 659 2596 ἀφ’
674 2505 723 2579 οὑν
739 2508 967 2577 ἀπελαύνουσί
981 2531 1018 2578 σε
1029 2509 1133 2577 οίνό-

184 2634 256 2693 μοι·
279 2606 569 2695 ἀπεσχοινισμένος
587 2616 668 2675 πᾶσι
683 2623 751 2686 τοῖς
768 2612 804 2674 έν
821 2615 862 2695 τῇ
878 2607 972 2674 πόλει
984 2613 1131 2694 δικαίοις,

185 2706 328 2791 γνάσεσι
350 2710 571 2793 δικαστηρίων
592 2713 705 2790 τριῶν,
729 2710 879 2793 ἐγγραφῇ
900 2715 1131 2792 θεσμοθετῶν,

186 2806 280 2890 ἑτέρᾳ
292 2804 506 2891 πρακτόρων,
525 2813 566 2892 τῇ
577 2811 634 2889 τῆς
642 2805 865 2891 βουλεύσεως,
888 2802 931 2891 ἣν
943 2804 1042 2884 αὑτὸς
1054 2804 1134 2872 διά-

186 2927 263 2987 κεις,
275 2909 399 2990 γραφῇ,
411 2903 518 2988 μόνον
530 2901 592 2987 οὑχ
603 2900 719 2970 ἁλύσει
730 2906 866 2991 σιδηρᾷ,
884 2900 1024 2969 ὑποδύει
1040 2900 1130 2988 παρά

186 3008 290 3068 ταῦτα
301 3002 357 3067 καὶ
369 3005 525 3091 διασπᾷς,
549 3003 603 3070 καί
621 3001 803 3087 προφάσεις
819 3001 971 3069 πλάττων
981 3003 1037 3068 καὶ
1048 3014 1133 3082 φευ-

188 3105 254 3179 δεῖς
266 3105 370 3178 αίτίας
381 3104 550 3180 συντιθεὶς
565 3100 606 3168 τά
625 3103 721 3168 κοινά
739 3099 832 3169 δίκαι’
847 3097 1045 3185 ἀνατρέφειν
1059 3107 1130 3167 οίει.

143 3201 241 3266 mal
262 3195 329 3284 μην
351 3203 434 3288 μέγα
456 3202 511 3269 καὶ
532 3199 634 3286 σαφὲς
655 3196 735 3285 ὑμῖν
756 3202 821 3285 έρω
838 3197 1058 3282 παράδειγμα,
1081 3194 1133 3263 ὅτι

187 3292 282 3360 ταῦτ’
295 3293 373 3364 οὐδὲ
384 3297 458 3366 καθ’
475 3302 513 3365 ἓν
524 3296 683 3385 προσήκει
695 3302 854 3383 παριδεῖν.
887 3302 917 3363 εί
930 3296 994 3381 γάρ
1010 3321 1058 3373 τις
1069 3291 1133 3360 αύ-

188 3397 262 3458 τίκα
279 3391 318 3477 δη
337 3395 425 3479 μάλα
443 3406 529 3465 εἴποι
546 3393 590 3474 ὡς
606 3398 642 3464 έκ
653 3404 721 3463 τοῖν
732 3388 938 3479 νεωτάτωνῆ
948 3399 1016 3458 τῶν
1027 3398 1134 3458 πλου-
