2370 3854
279 211 422 272 κκυκ
456 210 852 275 τεκοκεκτουε.
956 213 1038 297 Ικει

86 371 200 456 μάτων
210 379 325 458 κτῆσιν
342 369 555 441 ούδετιοόιιοτε
573 367 590 437 ὁ
609 374 712 456 δῆμος
727 373 930 460 ἐσπούδασε,
955 373 1040 460 τρὸς

58 473 61 477 ’
87 468 122 535 δέ
139 469 236 556 δόξης
254 468 298 548 ὥς
314 467 393 538 οὐδὲ
409 467 493 554 πρὸς
509 471 547 536 ἓν
563 474 632 536 τῶν
648 466 767 537 ἀλλων.
799 471 977 556 τεκμήριον
987 475 1038 540 δέ·

85 567 234 652 χρήματα
254 566 399 653 μὲνγὰρ
421 574 558 634 πλεῖστα
579 573 648 633 τοῖν
662 563 827 654 Ἑλλήνων
848 568 927 636 ποτὲ
950 569 1039 656 σχώυ

86 663 214 733 ἀπανθ’
228 663 311 750 ὑπὲρ
325 671 511 751 φιλοτιμίας
521 663 710 752 ἀνήλωσεν,
723 664 806 750 ὑπὲρ
819 667 854 735 δὲ
866 669 961 754 δόξης
970 675 1001 736 εἰ
1020 711 1040 721 -

86 766 199 847 φέρων
216 767 252 830 ἐκ
263 771 331 831 των
342 768 435 831 ἰδίων
453 763 575 831 ούδέυα
595 764 726 832 πώποτε
742 770 903 833 κίνδυνον
919 769 1038 852 ἐξέστη.

85 857 145 945 ἀφ’
167 852 216 927 ὦν
232 856 368 946 κτήματ’
388 858 531 927 ἀθάνατ’
552 860 642 949 αύτῷ
658 866 819 949 περίεστι,
842 861 882 931 τά
899 865 1039 950 μέντοόυ

85 964 192 1041 ἔργων
208 957 228 1045 ἡ
241 960 370 1046 μνήμη,
392 960 433 1026 τά
445 959 480 1027 δὲ
490 966 560 1026 τοῖν
570 957 797 1046 ἀναθημάτων
807 967 876 1028 τοῖν
886 958 937 1028 ἐπ’
953 965 1039 1029 ἐκεί-

84 1082 154 1134 νοις
165 1060 358 1125 σταθέντων
368 1054 404 1125 τό
416 1057 555 1142 κάλλος,
579 1057 768 1141 προπύλαια
779 1065 900 1142 ταῦτα,
917 1057 1038 1143 όταρ-
1047 1070 1100 1129 758

83 1152 211 1241 θενών,
236 1158 345 1240 στοαὶ,
367 1154 559 1238 νεώσοικοι,
581 1153 643 1221 ούκ
660 1153 861 1240 ἀμφορίσκοι
880 1156 942 1224 δύο
959 1154 1037 1224 ούδὲ

83 1256 235 1337 χρυσίδες
250 1254 399 1338 τέτταρες
415 1248 437 1336 ἦ
454 1265 555 1339 τρεῖς,
578 1250 707 1335 ἀγουσα
725 1253 844 1341 έκάστη
860 1262 966 1340 μναῖν,
989 1251 1037 1347 ἀς,

39 1364 73 1416 85
84 1349 165 1417 ὅταν
184 1370 237 1417 σοι
255 1356 354 1437 δοκῇ,
375 1349 884 1435 κάλινγράφειςκαταχωνεύειν.
919 1349 961 1419 ού
973 1350 1038 1436 γάρ

84 1446 222 1525 ἑαυτούς
251 1447 499 1530 δεκατεύοντες,
534 1443 609 1513 οὐδ’
642 1444 921 1533 ἀκαταράσαιυτ’
943 1443 987 1515 ἀν
1008 1451 1041 1515 οἰ

84 1548 199 1629 ἐχθροὶ
217 1553 407 1628 ποιοῦντες,
431 1549 548 1622 διπλᾶς
568 1542 767 1628 πράττοντες
787 1543 846 1624 τάς
867 1542 1038 1630 εἰσφοράς,

83 1643 176 1710 ταῦτ’
196 1639 378 1727 ἀνέθεσαν,
400 1640 476 1709 οὐδ’
494 1639 630 1727 οἰόσκερ
648 1642 692 1710 σύ
706 1643 870 1730 χρεόμενοι
886 1645 1040 1731 συμβού-

82 1750 152 1818 λοις
164 1742 411 1824 ἐπολιτεύοντο,
423 1739 507 1809 ἀλλὰ
517 1743 596 1819 τοὺς
609 1739 752 1826 ἐχθρούς
761 1749 971 1828 κρατοῦντες,
984 1743 1040 1808 καί

83 1837 177 1919 όὶιιᾶς
188 1866 236 1917 τις
246 1834 290 1907 ἀν
300 1833 340 1908 εύ
352 1846 490 1926 φρονῶν
499 1837 638 1923 εύξαιτο,
646 1839 707 1925 τὴν
715 1839 814 1908 πόλιν
823 1846 869 1918 εἰς
878 1838 1040 1926 ὁμόνοιαν

83 1937 235 2023 ἀγοντες,
255 1935 429 2007 ἀθάνατον
439 1939 536 2016 κλέος
546 1936 659 2006 αὐτῶν
669 1945 856 2026 λελοίπασι,
878 1937 1039 2018 τούςέιτι-

83 2037 282 2122 κηδεύοντας
303 2031 357 2104 οἷά
380 2055 434 2103 σοι
453 2042 609 2123 βεβίωται
630 2044 689 2122 τῆς
711 2034 837 2122 ἀγορᾶς
859 2046 1035 2121 εἰργοντες.

37 2150 70 2204 86
83 2131 174 2219 ὑμεῖς
186 2133 217 2202 δ’
230 2141 277 2212 εἰς
287 2141 465 2219 τοσοῦτον,
478 2127 507 2200 ό
517 2134 636 2254 ἀνδρες
645 2133 831 2218 Ἀθηναῖοι,
850 2131 1035 2219 τροήχθητ’

83 2230 239 2316 εὐηθείας
257 2233 311 2297 καί
327 2235 495 2317 ῥᾳθυμίας
514 2229 581 2296 όίστ
606 2229 685 2298 ούδδ
695 2231 822 2297 τοιαῦτ’
834 2235 962 2315 ἔχοντες
973 2253 1040 2296 τια-

84 2333 284 2411 ραδείγματα
294 2335 398 2394 ταῦτα
407 2336 571 2412 μιμεῖσθε,
579 2325 647 2394 ἀλλ’
656 2325 854 2411 Ἀνδροτίων
863 2323 943 2411 ὑμῖν
952 2351 1039 2412 κομ-
1087 2398 1089 2402 ς

84 2432 187 2493 κείων
197 2423 448 2511 ἐπισκευαστής,
468 2422 681 2508 Ἀνδροτίων,
705 2417 786 2510 όγῆ
795 2426 850 2492 καί
860 2434 944 2492 θεοί.
984 2427 1039 2491 καί

83 2523 175 2591 τοῦτ’
199 2523 347 2610 ἀσέβημα
367 2529 503 2591 ἔλαττον
523 2530 614 2601 τίνος
634 2520 786 2608 ἡγεῖσθες
809 2519 873 2606 έγύ
896 2522 958 2607 μὲν
973 2520 1038 2607 γὰρ

82 2621 227 2710 ἡγοῦμαι
245 2627 315 2690 δεῖν
330 2621 390 2692 τὸν
405 2627 451 2701 εἰς
468 2621 540 2708 ίερά
559 2622 704 2690 εἰσιόντα
725 2623 780 2689 καί
801 2627 964 2706 χερνίβων
984 2624 1038 2687 καί

82 2730 197 2790 κανων
214 2721 402 2808 ἁψόμενον,
425 2724 480 2789 καὶ
491 2728 549 2807 τῆς
560 2721 643 2806 πρὸς
652 2718 732 2799 τούς
742 2717 846 2797 θεούς
857 2723 1038 2804 ἐπιμελείας

83 2819 274 2904 κροστάτην
301 2819 461 2906 ἐσόμενον
489 2817 562 2905 ούηί
588 2817 710 2887 τακτὸν
735 2819 868 2904 ἡμερῶν
890 2815 1038 2903 ἀριθμόν
1151 2825 1154 2830 ’

85 2913 256 3001 ἁγνεύειν,
278 2913 362 2985 ἀλλά
379 2918 440 2985 τόν
455 2923 530 3003 βίον
545 2914 744 3002 ἡγνευκέναι
754 2917 915 2985 τοιούτων
927 2921 1038 3001 ἐπιτη-

85 3015 259 3098 δευμάτων
268 3010 321 3082 οἷα
332 3018 439 3105 τούτφ
453 3022 617 3104 βεβίωται.

40 3138 74 3193 ςγ
168 3115 234 3180 Καὶ
245 3117 320 3198 περὶ
329 3114 390 3199 μὲν
399 3115 521 3182 τούτου
531 3112 614 3181 κατὰ
627 3113 765 3199 σχολήν·
788 3109 811 3178 ἀ
821 3111 857 3180 δὲ
871 3111 1040 3197 Τιμοκρά-

84 3236 132 3278 τει
149 3226 298 3296 συνερεῖ,
322 3210 428 3281 πολλὰ
445 3215 554 3298 λέγειν
565 3217 611 3279 ἔτι
622 3209 704 3294 πρὸς
715 3210 845 3288 τούτοις
856 3215 941 3294 ἔχων
951 3210 1041 3276 καύ-

86 3328 192 3394 σομαι.
228 3309 301 3378 οἰδα
318 3308 348 3378 δ’
364 3308 431 3396 ὅτι,
453 3309 497 3390 ὡς
507 3311 567 3397 μὲν
579 3309 642 3378 ούκ
652 3308 848 3395 ἀσύμφορος
861 3307 941 3394 ὑμῖν
952 3313 1040 3377 ἐστιν

85 3404 103 3472 ό
122 3407 224 3496 νόμος
240 3409 294 3475 καὶ
311 3407 400 3491 παρά
412 3410 539 3488 ταυτας
549 3409 628 3487 τούς
638 3408 763 3494 νόμους
773 3411 1040 3494 εἰσενηνεγμένος
