2370 3854
165 234 227 298 468
359 237 479 293 ΧΧΧΙΧ.
503 233 924 294 ΔΗΜΟΣΘΕΝΟΤΣ

167 423 237 485 ροις
247 399 379 465 ἐκείνου
390 400 556 482 βελτίοσιν
568 392 669 461 οὐδὲν
682 389 787 459 καὶτὰ
806 390 926 459 τοιαῦτ’
939 393 1122 477 ἐζηλωκότα

168 500 223 565 καὶ
234 493 349 564 δεινόν
360 500 472 562 δοκεῖν
487 492 572 561 εἶναι
589 492 815 581 βουλόμενον·
845 494 900 559 καὶ
912 491 953 578 νη
964 500 1032 560 Δία
1043 502 1122 572 ίσως

127 601 266 663 14ἔστιν.
288 591 332 662 δν
342 587 660 679 ούνπροιόντοςτού
670 589 794 677 χρόνον
805 599 873 659 των
884 589 997 659 αὐτῶν
1006 618 1035 659 τι
1047 617 1124 659 ποι-

169 708 219 762 εῖν
229 693 359 772 τούτοις
373 695 518 778 ἐπιχειρῇ
529 697 610 770 (ἐστι
622 689 657 759 δέ
668 698 772 758 ταῦτα
780 691 916 777 γραφαὶ,
925 690 1053 778 φάσεις,
1066 693 1122 758 ἐν·

169 797 292 879 δείξεις,
301 789 507 877 άπαγωγαί,)
531 788 584 857 εἶτ’
602 791 656 857 ἐπὶ
676 789 807 857 τούτων
825 791 891 857 τινί
913 786 1032 877 (πολλὰ
1056 789 1121 874 γάρ

169 889 238 959 ἐστι
254 889 490 974 τάνθρώπινα,
514 891 570 956 καὶ
590 886 670 966 τούς
688 888 779 955 πάνυ
802 884 933 966 δεινοὺς
957 888 1120 972 ἑκάστοτε,

169 990 252 1057 ὅταν
272 988 507 1073 πλεονάζωσιν,
521 984 689 1054 ἐπίστασθ’
709 984 801 1072 ὑμεῖς
820 992 980 1072 κοσμίους
1000 993 1120 1068 ποιεῖν)

169 1088 258 1176 όφλη
279 1096 327 1178 τῷ
351 1093 514 1176 δημοσίῳ,
539 1091 574 1153 τί
591 1093 718 1173 μᾶλλον
740 1079 839 1165 οὗτος
859 1087 1122 1171 ἐγγεγραμμένος

169 1193 259 1289 ἔσται
273 1188 373 1273 ἐμούς
394 1184 447 1253 ότι
460 1182 500 1272 νη
512 1193 580 1253 Δία
592 1195 738 1254 είσονται
751 1186 871 1265 πάντες
889 1184 1026 1270 πότερός
1043 1211 1122 1253 ποτε

127 1307 160 1360 15
170 1289 292 1372 ώφλεν.
314 1293 430 1365 καλῶς.
451 1281 496 1353 άν
506 1284 552 1370 δέ,
564 1283 583 1353 ό
591 1284 818 1372 τνχόνγένοιτ’
831 1283 890 1373 ἂν,
903 1287 1022 1373 χρόνος
1034 1289 1123 1354 διέλ-

168 1395 217 1473 θη
234 1386 288 1453 καὶ
306 1383 351 1471 μη
373 1389 511 1473 ἐκτισθῇ
528 1382 565 1452 τό
585 1384 737 1472 ὄφλημα,
758 1391 792 1453 τί
799 1392 928 1472 μᾶλλον
950 1391 985 1455 οί
999 1387 1122 1455 τούτου

1 1525 2 1530 1
34 1539 49 1564 „
169 1487 284 1563 παῖδες
294 1490 426 1552 ἔσονται
440 1492 509 1553 τοῖν
519 1487 609 1570 ἐμῶν
620 1487 895 1571 ἐγγεγραμμένοι,
908 1483 990 1553 όταν
1001 1483 1129 1552 τούνο-,

170 1608 215 1668 μα
233 1584 288 1649 καὶ
307 1579 326 1648 ὁ
344 1580 452 1670 πατὴρ
470 1581 560 1670 καὶὴ
582 1582 671 1671 φνλη
691 1585 746 1651 καὶ
756 1581 848 1651 πάντ’
861 1576 883 1672 ᾖ
894 1581 1014 1663 ταύτά;
1035 1589 1068 1651 τί
1078 1582 1122 1667 δ’,

171 1690 205 1750 εί
211 1708 259 1760 τις
271 1684 369 1768 δίκην
378 1682 514 1770 ἐξούλης
525 1680 616 1774 αύτῷ
625 1680 737 1768 λαχάν
750 1682 854 1770 μηδὲν
865 1686 936 1769 ἐμοὶ
948 1690 1027 1769 φαίη
1039 1680 1123 1768 πρός

170 1777 276 1847 αὐτόν
285 1779 380 1867 είναι,
392 1787 514 1865 κνρίαν
525 1782 561 1850 δὲ
572 1782 793 1869 ποιησάμενος
804 1781 984 1869 ἐγγράψαι,
995 1790 1028 1849 τί
1036 1789 1121 1868 μοῖλ-Ι
1131 1805 1182 1859 ςςς

168 1887 231 1945 λον
241 1874 285 1945 άν
296 1890 346 1966 είη
355 1888 477 1947 τοῦτον
487 1876 510 1964 ἢ
520 1881 812 1966 ἐμέἐγγεγραφοόςς
824 1888 859 1948 τί
867 1881 911 1967 δ’,
920 1891 1046 1958 είτινας
1053 1887 1083 1948 εί
1104 1922 1121 1931 -

128 1987 162 2043 16
171 1974 279 2062 φοράς
300 1975 344 2062 μη
361 1983 456 2063 θείης
488 1983 522 2044 τί
530 1975 575 2061 δ’,
594 1987 627 2044 εί
640 2004 691 2056 τις
706 1977 789 2062 άλλη
808 1980 884 2061 περὶ
901 1975 1049 2062 τούνομα
1070 1986 1122 2061 γί-

170 2069 318 2161 γνοιτοῆ
333 2079 422 2161 λῆξις
441 2080 534 2161 δίκης
550 2070 572 2162 ἦ
590 2074 670 2156 δόξα
692 2074 778 2155 ὅλως
795 2073 915 2163 άηδής;
935 2083 984 2155 τίς
1003 2086 1122 2145 είσεται

169 2181 239 2242 τῶν
250 2181 386 2242 πολλῶν
396 2174 535 2258 πότερός
546 2200 626 2243 ποτε
641 2167 738 2255 οὗτός
748 2180 826 2262 ἐστι,
842 2182 937 2245 δυοῖν
946 2179 1123 2245 Μαντιθέ-

171 2300 223 2341 οιν
240 2269 364 2341 ταύτοῦ
387 2274 510 2359 πατρὸς
527 2274 657 2354 όντοιν;
680 2279 776 2362 φέρε,
799 2281 830 2343 εί
845 2275 880 2343 δὲ
891 2279 988 2361 δίκην
998 2272 1122 2357 άστρα-

170 2378 257 2450 τείας
269 2372 405 2459 φεύγοι,
427 2374 561 2461 χορεύοι
571 2376 607 2443 δέ
625 2373 707 2443 όταν
718 2374 959 2461 στρατεύεσθαι
970 2378 1044 2462 δέης
1066 2376 1121 2442 καὶ

168 2467 321 2556 γάρνῦν,
337 2468 392 2538 ὅτε
416 2477 462 2550 είς
477 2471 633 2559 Ταμύνας
654 2482 833 2560 παρῆλθον
849 2479 883 2542 οί
892 2473 1001 2559 άλλοι,
1016 2473 1120 2541 ἐνθά-

170 2573 207 2635 δε
218 2566 296 2648 τούς
311 2570 391 2656 χόας
401 2570 494 2656 άγων
504 2570 692 2660 ἀπελείφθη
705 2576 759 2642 καὶ
776 2589 844 2654 τοίς
854 2579 1047 2649 Λιοννσίοις
1057 2598 1119 2638 κα·

169 2674 324 2753 ταμείνας
340 2671 511 2757 ἐχόρευεν,
531 2668 576 2750 ὡς
586 2669 730 2752 ἅπαντες
741 2675 863 2759 ἐωροῖτε
874 2677 908 2740 οί
916 2675 1119 2756 ἐπιδημοῦν-

128 2784 229 2844 17τες.
254 2765 473 2837 ἀπελθόντων
484 2767 516 2836 δ’
528 2772 560 2848 ἐξ
571 2767 716 2858 Εὐβοίας
726 2780 794 2839 τῶν
805 2776 1014 2858 στρατιωτῶν
1025 2776 1121 2836 λιπο-

169 2871 282 2947 ταξίον
296 2867 628 2956 προσεκλήθη,κάγοδ
640 2875 888 2957 ταξιαρχῶντης
899 2876 1007 2955 φνλῆς
1015 2865 1121 2953 ἠναγ-

168 2964 316 3053 καζόμην
332 2964 416 3035 κατὰ
433 2975 496 3036 τού
511 2965 675 3055 ὀνόματος
701 2977 763 3038 τού
788 2973 936 3056 ἐμαυτοῦ
950 2966 1121 3054 πατρόθεν

168 3067 324 3150 δέχεσθαι
333 3063 511 3154 τηνλῆξιν·
537 3071 592 3137 καὶ
608 3075 639 3138 εί
645 3067 769 3156 μισθός
777 3072 939 3155 ἐπορίσθη
950 3081 1018 3147 τοῖς
1027 3071 1121 3134 δικα-

169 3173 327 3252 στηρίοις,
343 3172 478 3253 είσηγον
494 3163 539 3237 άν
555 3166 729 3254 δηλονότι.
752 3177 857 3236 ταῦτα
873 3166 906 3235 δ’
919 3173 949 3235 εί
964 3164 1008 3253 μη
1021 3185 1121 3250 σεση·

125 3284 159 3339 18
167 3266 345 3349 μασμένων
354 3263 417 3352 ἤδη
429 3271 554 3355 σννέβη
565 3276 633 3336 τῶν
644 3261 771 3354 ἐχίνων,
784 3263 848 3335 κάν
860 3266 1030 3353 μάρτυρας
1040 3262 1121 3350 ὑμῖν

166 3364 388 3452 παρεσχόμην.
412 3366 488 3435 είεν.
512 3373 543 3434 εί
557 3369 592 3437 δὲ
604 3373 711 3448 ξενίας
721 3372 965 3452 προσκληθείη;
985 3370 1120 3440 πολλοῖς

168 3461 204 3529 δέ
224 3466 437 3551 προσκρούει,
459 3468 514 3535 καὶ
534 3463 575 3535 δν
595 3465 794 3555 ἠναγκάσθη
816 3465 944 3551 τρόπον
968 3461 986 3531 ὁ
1011 3456 1142 3546 πατὴρ(
