2370 3854
147 251 211 315 ιεε
248 321 252 328 ,
348 252 444 310 xxm.
477 244 901 307 ΛΗΜοΣουΝονΣ

146 408 452 500 λαβωνἹφικρότης
469 410 572 475 ἔδωκε
589 404 768 492 φυλάττειν
786 402 893 494 αὐτῷ,
916 413 1106 496 ψηφισαμέ-

146 537 217 580 νων
227 507 324 596 ὑμων
336 504 381 586 ως
391 503 478 592 ὑμᾶς
494 510 628 591 κομίσαι
644 507 836 589 παρέδωκεν
843 502 1106 593 Ἀμφιπολίταις·

144 611 275 679 καὶτοῦ
286 603 331 694 μα)
344 611 459 692 λαβεῖν
467 601 667 690 Ἀμφίπολιν
677 599 770 670 τοῦτ’
782 602 938 690 έμποδάν
954 609 1104 693 κατέστη.

145 707 305 791 δεύτερον
322 708 376 789 δὲ,
397 703 630 791 μισθουμένου
644 704 813 789 Τιμοθέου
824 704 925 772 πόλιν
935 702 1040 783 αὐτόν
1050 705 1106 773 καί

144 807 180 876 τό
198 804 405 891 στράτευμα,
426 801 534 892 τούτῳ
552 801 614 888 μὲν
630 797 672 868 οό
687 809 819 887 μισθοῖ,
845 800 929 889 πρός
945 805 981 872 δὲ
990 802 1106 873 Κότυν

145 906 255 974 πλέων
276 902 378 993 ᾤχετο
400 907 485 987 ἔχων
505 899 565 979 τάς
585 897 746 986 ὑμετέρας
768 901 1042 989 τριακοντόρους,
1064 898 1106 970 δν

144 1002 290 1089 ἀκριβοῦς
311 1000 385 1089 ᾔδει
400 1007 470 1067 τῶν
486 997 597 1067 όντων
613 995 808 1084 ἀνθρώπων
824 999 1007 1087 ἐχθρόταθ’
1025 999 1107 1087 ὑμῖν

88 1116 137 1170 150
145 1106 364 1185 διακείμενον.
386 1098 441 1166 καὶ
451 1097 533 1183 μετά
544 1093 646 1184 ταῦτ’,
659 1097 770 1186 ἐπειδὴ
781 1097 842 1168 τόν
853 1096 1108 1187 πρδςἏμφίπο·

145 1208 199 1268 λιν
216 1197 366 1284 πόλεμον
381 1196 546 1284 πρότερον
561 1205 718 1283 πολεμεῖν
735 1202 838 1267 εἵλετο
860 1199 1025 1286 Τιμόθεος
1044 1202 1107 1268 τοῦ

145 1296 471 1384 πρόςΧερρόνησον,
494 1298 549 1364 καί
567 1293 668 1365 οὐδὲν
680 1295 744 1382 εἶχε
755 1311 862 1366 ποιεῖν
873 1294 1108 1384 ὑμᾶςέκεῖκα-

146 1394 227 1481 κόν,
255 1403 376 1482 μισθοῖ
393 1395 495 1463 πόλιν
516 1391 620 1463 αὐτόν
640 1393 826 1476 Ὀλυνθίοις
847 1410 916 1476 τοῖς
936 1394 1108 1484 ὑμετέροις

146 1501 279 1582 ἐχθροῖς
296 1496 352 1563 καὶ
367 1507 436 1573 τοῖς
452 1498 586 1578 έχουσιν
593 1491 793 1580 Ἀμφίπολιν
810 1492 883 1562 κατ’
903 1494 1108 1563 ἐκεῖνοντὸν

146 1594 279 1680 χρόνον.
314 1595 368 1659 καλ
385 1595 497 1659 πλέων
513 1595 634 1677 ἐκεῖσε,
658 1595 851 1676 έκΚαρδίας
862 1589 1034 1679 ἀναχθεὶς,
1051 1596 1108 1660 ἀνα

145 1691 306 1761 τάναντία
314 1698 356 1779 τῇ
366 1689 462 1759 πόλει
473 1696 611 1779 πολεμῇ,
622 1687 690 1759 ὑπό
701 1697 771 1759 τοῖν
780 1687 951 1777 ἡμετέρων
960 1691 1109 1778 τριήρων

144 1791 226 1880 ἥλω.
266 1787 321 1859 διά
332 1789 392 1858 τόν
403 1788 553 1876 παρόντα
564 1790 600 1858 δέ
612 1789 731 1876 καιρόν
741 1792 796 1858 καὶ
808 1787 845 1857 τό
858 1795 930 1859 δεῖν
941 1795 1046 1870 ξένων
1054 1791 1109 1858 έπδ

147 1888 207 1958 τόν
225 1890 373 1976 πόλεμον
386 1887 448 1958 τόν
458 1888 514 1958 ἐπ’
523 1888 738 1976 Ἀμφίπολιν,
759 1887 833 1957 ἀντὶ
842 1896 906 1957 τοῦ
916 1892 1013 1974 δίκην
1026 1892 1110 1956 δοῦ-

146 2015 203 2055 ναι
220 1985 271 2054 ότι
287 1985 351 2054 οὐκ
374 1980 576 2056 ἀπεδεδώκει
593 1986 674 2067 τοός
690 1985 838 2075 ὁμήρους
855 1990 910 2057 καὶ
927 1988 1012 2058 διότι
1024 1984 1110 2071 πρός

145 2086 261 2154 Κότυν
279 2083 403 2172 ἐχθρόν
421 2085 502 2155 ὄνθ’
520 2083 601 2174 ὑμῖν
610 2085 840 2174 ηὐτομόλησεν
850 2091 935 2173 ἔχων
944 2083 1003 2166 τὰς
1012 2110 1108 2172 τρια-

146 2184 346 2270 κοντόρους,
369 2192 494 2264 πίστεις
510 2188 592 2267 δούς
609 2188 664 2255 καὶ
681 2184 794 2274 λαβών
810 2185 1007 2271 έστράτενσε
1023 2186 1104 2271 μεθ’
1118 2196 1169 2254 67⁰

87 2281 252 2369 151όμοᾶν.
287 2277 338 2353 ὦν
356 2282 386 2354 δ’
406 2288 534 2356 ἐκεῖνον
550 2292 679 2356 δίκαιον
689 2279 734 2372 ἦν
744 2285 842 2371 χάριν
851 2281 1029 2370 ὑμῖνὲχειν
1042 2280 1107 2352 οόιι

146 2379 359 2471 ἀπολωλότα,
383 2392 484 2453 τοῦτο
502 2384 645 2455 παθόντ’
660 2380 703 2452 ἀν
716 2389 867 2471 δικαίως,
889 2381 964 2452 ἀντὶ
974 2382 1106 2451 τούτων

148 2478 192 2559 ὡς
209 2478 392 2566 ὀφείλουσα
407 2479 428 2567 ἡ
446 2484 541 2562 πόλις
558 2481 651 2572 αὐτῷ
667 2485 854 2569 στεφάνους
870 2483 926 2552 καὶ
937 2487 1108 2550 πολιτείαν

147 2582 202 2647 καὶ
219 2576 241 2646 ἀ
257 2581 379 2660 πάντες
396 2584 575 2650 ἐπίστασθε
593 2583 725 2650 δέδωκε.
758 2583 815 2650 καὶ
825 2578 878 2649 ότι
887 2576 983 2648 ταῦτ’
994 2577 1107 2666 ἀληθῆ

147 2681 250 2765 λέγω,
272 2680 312 2748 τό
328 2706 364 2748 τε
381 2681 537 2768 ψήφισμα
555 2678 734 2766 ἀνάγνωθί
741 2707 799 2768 μοι
808 2679 846 2748 τό
859 2682 934 2766 περὶ
942 2685 1012 2746 τεόν
1023 2675 1108 2765 ὁμή-

149 2801 229 2861 ρων,
242 2779 297 2844 καὶ
309 2775 371 2863 τὴν
379 2775 586 2865 Ἰφικράτους
596 2776 773 2866 ἐπιστολὴν
784 2781 840 2847 καὶ
851 2776 915 2866 τὴν
927 2778 1108 2864 Τιμοθέου,
1170 2790 1175 2797 “

148 2876 205 2944 καὶ
221 2873 301 2962 μετά
318 2882 423 2944 ταῦτα
437 2876 499 2965 τὴν
515 2884 703 2965 μαρτυρίαν
718 2884 860 2963 ταυτηνί
863 2902 871 2917 ·
894 2875 1021 2957 ὄψεσθε
1043 2870 1110 2961 χάρ

150 2972 192 3043 οό
203 2975 324 3062 λόγους
335 2972 410 3044 οὐδ’
423 2982 548 3063 αἰτίαν,
571 2975 645 3045 ἀλλ’
659 2974 822 3064 ἀλήθειαν
833 2968 941 3044 οὖσαν
953 2966 1002 3044 οόν
1012 2975 1108 3061 λέγω.

150 3077 233 3163 λέγε.

217 3248 450 3311 ΨΗΦΙΣΜΑ.
495 3248 758 3312 ΕΠΙΣΤΟΛΑΙ.
801 3248 1042 3310 ΜΑΡΊῪΡΙΑ.

91 3388 140 3442 152
226 3368 298 3438 ’Ότι
314 3372 376 3458 μὲν
392 3378 508 3441 τοίνυν
517 3374 574 3440 καὶ
583 3368 620 3439 τό
634 3376 784 3457 πρῶτον,
807 3361 851 3438 οὖ
861 3377 1017 3456 πολεμεῖν
1028 3364 1112 3454 ὑμῖν

149 3465 246 3545 ἀετο,
269 3471 373 3538 ἐκεῖσε
392 3472 579 3555 ἐμίσθωσεν
595 3466 700 3537 αὑτὸν
716 3469 900 3556 πολλαχόσε
921 3467 1037 3541 ἀλλοσε
1053 3493 1111 3554 μι-
