2370 3854
183 268 244 330 126
398 269 481 330 xxn.
504 265 928 329 ΔΗΜΟΣΘΕΝΟΤΣ

143 446 175 501 16
187 429 380 515 ἐβούλεσθε.
414 423 497 493 ὥστε
509 429 660 509 δικαίως,
679 418 1033 515 ιόάνδρεςἈθηναίοι,
1045 437 1143 517 τηλι-

183 528 311 615 καότην
322 531 470 613 ἐχουσῦν
480 524 589 613 ῥοπήν
599 523 648 611 ἐφ’
661 525 800 609 ε’κάτερα
809 535 879 594 τάν
888 526 1046 614 τριήρων,
1058 537 1142 597 τοῦ-

182 655 242 696 τον
252 626 336 713 όρον
350 631 521 694 τεθείκατε
532 632 575 712 τῇ
585 631 709 712 βουλή,
726 623 833 711 πότερ’
848 621 955 712 αὑτήν
965 628 1017 694 δεῖ
1023 632 1143 714 λαβεῖν

182 725 246 815 τήν
256 723 387 812 δωρεάν
399 720 421 810 η’
434 720 487 791 οῦ.
520 729 552 790 εί
567 720 632 808 γάρ
649 723 759 790 πάντα
775 721 879 791 τάλλα
890 723 1068 810 διοικήσειε
1076 751 1143 794 aa·

184 833 260 909 λῦς,
272 822 311 892 δι’
324 815 373 890 όν
384 821 420 890 δέ
431 820 471 889 τό
480 818 513 888 τ’
525 825 557 900 ἐξ
569 818 671 907 άρχής
680 819 771 889 ταῦτ’
783 822 996 909 ἐκτησάμεθα
1005 826 1063 891 καί
1072 830 1142 891 νῦν

185 923 343 1010 σάζομεν,
354 920 478 999 ταύτας
488 917 532 1005 μή
544 918 728 1005 ποιήσαιτο,
745 917 805 1000 τάς
814 921 958 1008 τριήρεις
968 923 1065 1007 λέγω,
1076 921 1142 991 οὑ-

185 1023 243 1092 δὲν
263 1026 402 1089 ἐκείνων
423 1017 558 1104 ὄφελος·
597 1016 661 1105 τήν
679 1016 745 1105 γάρ
769 1028 839 1088 τοῖν
860 1017 949 1089 ὅλων
971 1028 1141 1108 σωτηρίαν

184 1129 318 1207 πρῶτον
329 1117 492 1205 ὑπάρχειν
503 1121 937 1210 δελπαρεσκευασμένηντηό
950 1117 1053 1209 δήμφ.
1075 1112 1141 1188 οὑ·-

183 1246 238 1298 τος
248 1225 365 1286 τοίνυν
376 1223 421 1296 είς
430 1214 519 1285 τοῦτ’
530 1215 674 1302 ἐλήλυθε
683 1223 744 1285 τοῦ
756 1223 901 1303 νομίζειν
913 1215 1006 1310 αὑτῷ
1015 1220 1072 1287 καί
1082 1222 1141 1289 λέ-

182 1318 328 1403 γειν.καὶ
343 1316 487 1402 γράφειν
505 1318 624 1396 ἐξεῖναι
639 1322 707 1382 πάν
719 1313 741 1383 ό
753 1342 785 1383 τι
793 1311 838 1382 άν
849 1317 1028 1403 βούληται,
1053 1314 1140 1386 ὥστε

180 1421 440 1504 βεβουλευκυίας
450 1414 512 1501 μὲν
522 1411 817 1500 τάλλαόντρόπον
827 1411 921 1502 ὑμεῖς
931 1413 1069 1483 άιιοὺετε
1079 1422 1141 1502 τῆς

180 1520 314 1601 βουλῆς,
327 1511 369 1581 οὑ
379 1515 600 1600 πεποιημένης
612 1512 648 1581 δὲ
657 1511 716 1590 τάς
726 1513 880 1601 τριήρεις,
896 1515 1044 1601 χέχραφε
1056 1517 1140 1581 δοῦ-

182 1640 238 1681 ναι
248 1612 310 1698 τήν
321 1610 461 1697 δωρεάν.

142 1728 172 1785 17
265 1711 332 1777 Καὶ
350 1709 527 1795 ταῦταμὲν
539 1706 583 1788 ὑς
600 1707 642 1777 οὑ
653 1709 743 1794 παρά
754 1710 814 1780 τὸν
823 1711 932 1798 νόμον
941 1714 1048 1799 ἐστὶν,
1067 1708 1139 1781 οὔτ’

182 1806 225 1878 άν
236 1799 334 1887 οὑτος
348 1810 415 1892 ἐχοι
430 1811 540 1893 λέγειν
546 1802 623 1876 οὔθ’
635 1805 729 1895 ὑμεῖς
740 1807 919 1898 πεισθείητ’
932 1809 991 1879 άυ·
1015 1807 1134 1879 ιἰαοῦω

184 1906 216 1976 δ’
231 1905 338 1974 αὑτόν
348 1914 504 1975 τοιοῦτον
512 1911 601 1992 ἐρειν
610 1905 686 1975 τινά
702 1912 740 1977 ἐν
756 1906 836 1996 ὑμῖν
846 1910 963 1995 λόχον,
986 1906 1031 1988 οὑς
1042 1906 1138 1997 οὑχή

182 2005 288 2095 βουλή
299 2009 439 2092 γέγονεν
450 2010 536 2074 αἰτία
546 2013 609 2074 τοῦ
619 2003 664 2094 μή
676 2017 881 2095 πεποιῆσθαι
891 2006 949 2087 τάς
960 2014 1055 2094 ναῦς,
1066 2004 1137 2077 ἀλλ’

184 2104 514 2194 ὁτῦντριηροποιῦν
524 2112 640 2192 ταμίας
656 2104 805 2194 άποδράς
822 2106 924 2197 η’ίχετο
942 2110 1027 2194 ἔχων
1036 2104 1138 2177 πένθ’

182 2203 396 2293 ήμιτάλαντα,
407 2207 462 2275 καὶ
473 2202 511 2274 τό
522 2213 657 2292 πρᾶγμα
669 2201 819 2292 άτῦχημα
830 2207 1049 2294 συμβέβηκεν.
1069 2204 1137 2290 ἐγω

184 2305 219 2374 δὲ
229 2311 363 2392 πρῶτον
373 2306 435 2391 μὲν
445 2302 527 2373 αὑτὸ
538 2313 637 2374 τοῦτο
648 2305 822 2391 θαυμάζω,
839 2310 870 2372 εί
879 2312 1072 2392 στεφανοῦν
1082 2305 1138 2373 ἐπὶ

182 2419 251 2481 τοῖς
266 2401 483 2489 ἠτυχημένοις
498 2403 594 2490 ήξίου
611 2403 673 2490 τήν
689 2403 832 2489 βουλήν·
865 2411 932 2472 τοῖν
942 2412 1138 2488 κατορθου-

183 2503 294 2586 μένων
310 2499 375 2585 γάρ
393 2507 497 2586 ἔγωγε
517 2499 673 2586 ήγοόμην
691 2506 799 2586 ἔργων
815 2528 873 2581 τας
889 2501 1046 2581 τοιαῦτας
1056 2496 1138 2585 ὑρί-

183 2607 265 2667 σθαι
283 2598 394 2683 τιμάς·
427 2603 538 2666 ἔπειτα
556 2598 592 2667 δέ
609 2597 743 2667 κάκελνο
762 2605 810 2668 ἔτι
825 2601 990 2689 βούλομαι
1006 2600 1139 2687 φράσαι

140 2708 173 2762 18
183 2693 266 2781 πρὸς
277 2692 371 2781 ὑμῦς.
401 2693 444 2764 οῦ
456 2723 541 2783 φημι
552 2701 682 2765 δίκαιον
693 2696 777 2766 εἶναι
789 2702 865 2786 περὶ
875 2698 1003 2787 άμφολν
1012 2702 1179 2787 agyam

184 2792 227 2872 ὡς
239 2794 281 2861 οῦ
291 2794 382 2881 παρὰ
394 2795 455 2865 τόν
465 2794 573 2882 νόμον
583 2795 604 2883 ή
616 2799 724 2885 δωρεά
736 2802 884 2885 δέδοται,
901 2802 958 2868 καὶ
970 2796 1014 2878 ὡς
1024 2796 1068 2866 οῦ
1079 2794 1138 2867 διά

180 2888 244 2978 τήν
253 2891 384 2980 βουλήν
393 2891 456 2962 οὑκ
467 2898 550 2964 είσὶν
562 2901 600 2964 αί
613 2899 765 2985 τριήρεις.
799 2903 830 2966 εί
844 2900 905 2984 μὲν
919 2895 985 2983 γάρ
1003 2895 1137 2965 διδόναι

180 2993 235 3058 καλ
248 2990 293 3078 μή
304 2995 509 3082 ποιησαμένη
525 2998 701 3084 προσήκει,
723 3005 757 3066 τί
771 3005 871 3066 τοῦτο
884 3002 937 3067 δεῖ
943 3000 1070 3084 λέγειν,
1094 2992 1135 3065 δι’

181 3087 297 3156 ὅντινα
309 3089 430 3176 δήποτε
441 3089 483 3160 οῦ
495 3101 707 3183 πεποίηνται,
719 3102 750 3164 ελ
759 3094 792 3163 δ’
805 3093 869 3164 οόιι
880 3100 993 3183 ἔξεστι,
1004 3102 1040 3164 τί
1047 3102 1138 3181 μιλλε

181 3193 252 3269 λον,
264 3181 307 3253 άν
317 3185 373 3257 διά
382 3189 443 3259 τόν
457 3197 548 3261 δεῖνα
560 3190 583 3281 ή
594 3193 655 3263 τόν
667 3199 759 3262 δεῖνα
776 3197 919 3285 ἐπιδείξη
936 3193 981 3282 μή
992 3217 1138 3282 πεποιη-

140 3292 171 3347 19
180 3286 290 3371 μένας,
302 3288 410 3379 ἐκείνη
421 3300 569 3380 προσῆκε
580 3300 709 3381 λαβεῑνς
727 3298 825 3380 χωρὶς
836 3298 872 3362 δὲ
881 3294 1010 3362 τοὺτων
1022 3299 1137 3380 ἐμυινε

182 3386 341 3452 δοκοῦσιν
350 3392 479 3474 αἳρεσιν
495 3388 576 3476 ὑμῖν
587 3395 622 3459 οί
634 3400 780 3460 τοιοῦτοι
791 3392 886 3478 λόγοι
898 3391 1046 3477 διδόναι,
1068 3390 1138 3461 πό-

180 3477 243 3569 τερ’
264 3491 378 3554 οίεσθε
397 3490 468 3554 δεῖν
488 3488 673 3575 προφάσεις
689 3491 746 3558 καὶ
763 3489 886 3575 λόγους
906 3487 1045 3558 άκουειν
1061 3496 1136 3559 νῦν
