2370 3854
135 218 196 280 194
333 221 430 279 xxm.
465 218 884 280 ΔΗΜΟΣΘΕΝΟῬΣ

133 378 295 466 ὑμέτερον
312 378 496 466 στρατηγόν
511 383 619 447 ἔπεισε
635 381 691 447 καί
711 378 878 467 ἠνάγκασε
895 377 940 466 μή
952 379 992 448 τά
1010 386 1088 469 μέλ’

133 491 220 562 ποθ’
233 490 317 579 ὑπὲρ
329 491 426 580 ὑμῶν
436 492 609 579 πράττειν,
632 487 654 579 ή
669 491 769 573 αὐτὸς
786 492 851 563 ὑπό
863 494 987 564 τούτου
999 500 1087 566 ἐπεί-

135 603 202 679 σθη
216 582 263 660 οἶν
276 589 482 680 ὡμολογήκει
497 594 552 661 καὶ
563 589 728 679 ὑπέσχητό
739 620 770 661 τι
787 599 919 678 πρᾶξαι,
938 596 992 663 καὶ
1003 596 1088 682 γρά-

11 776 14 783 Ι
135 718 190 776 φει
210 688 250 777 δή
268 687 327 770 τάς
343 691 516 779 συνθήκας
528 691 650 771 ταύτας
666 689 725 771 τάς
740 691 824 775 πρός
840 693 1087 780 Κηφισόδοτον,

137 791 186 879 ἐφ’
207 787 258 871 αἷς
275 790 369 878 ὑμεῖς
385 787 492 870 ούτως
503 786 750 876 ἠγανακτήσατε
761 792 816 857 καί
827 785 1088 879 χαλεπάςήνέγ·

136 917 213 958 κατε
244 887 328 958 ὥστε
361 885 676 974 ἀπεχειροτονήσατε
707 890 768 975 μὲν
799 889 859 954 τὸν
890 889 1086 977 στρατηγόν,

137 991 235 1056 πέντε
246 989 419 1067 ταλάντοις
431 985 465 1054 δ’
479 988 693 1073 ἐζημιώσατε,
714 1000 801 1074 τρεῖς
815 987 852 1054 δὲ
868 986 967 1073 μόναι
978 993 1087 1075 ψήφοι

76 1098 126 1154 168
136 1091 314 1175 διήνεγκαν
324 1087 362 1157 τό
373 1087 418 1176 μή
430 1089 583 1158 θανάτου
593 1096 735 1176 τιμῆσαι.
767 1096 874 1157 καίτοι
885 1095 1027 1177 πηλίκην
1036 1118 1088 1158 τι-

135 1187 178 1258 νά
189 1187 250 1277 χρὴ
262 1194 416 1275 νομίζειν,
429 1181 456 1256 οἷ
468 1186 588 1274 άνδρες
596 1187 777 1274 Ἀθηναῖοι,
797 1188 923 1275 ταύτην
933 1185 994 1275 τήν
1006 1186 1087 1256 άλο-

135 1295 228 1376 γίαυ,
253 1286 334 1358 ὅταν
350 1315 400 1368 τις
417 1294 472 1377 ίδη
483 1286 537 1356 διά
554 1285 612 1367 τάς
629 1284 732 1366 αὑτάς
748 1288 880 1373 πράξεις
897 1287 1031 1372 τὸνμὲν
1045 1285 1088 1366 ὡς

136 1385 318 1456 άδικούντα
329 1389 539 1455 κολασθέντα
556 1394 681 1473 πικροῖς
693 1383 781 1454 οὑτω
789 1436 799 1471 ,
816 1382 877 1453 τὸν
889 1384 921 1452 δ’
935 1383 980 1465 ὡς
991 1384 1088 1471 εὐερ-

134 1487 234 1572 γέτην
244 1491 293 1553 ἔτι
302 1487 358 1554 καὶ
369 1493 435 1553 νῦν
451 1486 655 1573 τιμοόμενονς
679 1482 729 1553 ότι
743 1489 859 1553 τοίνυν
875 1483 964 1553 ταῦτ’
976 1482 1089 1571 άληθή

9 1602 13 1609 “
135 1587 238 1671 λέγω,
256 1592 325 1652 τῶν
336 1583 397 1671 μὲν
413 1592 461 1674 τῳ
477 1591 648 1675 στρατηγῷ
662 1585 864 1673 συμβάντων
881 1585 990 1672 δήπου
1001 1585 1089 1672 μάρ-

135 1709 232 1769 τυρες
243 1679 336 1769 ὑμεῖς
353 1685 429 1750 ἐστέ
443 1709 515 1770 μοι·
537 1687 593 1752 καί
609 1682 674 1771 γάρ
685 1682 828 1771 ἐκρίνεθ’
840 1682 931 1770 ὑμεῖς
941 1687 996 1753 καὶ
1007 1683 1088 1752 άπε-

135 1796 351 1869 χειροτονεῖτε
362 1785 417 1851 καί
430 1779 626 1868 ὠργίζεσθε,
648 1785 703 1852 καὶ
713 1780 822 1851 πάντα
840 1791 942 1851 ταυτα
954 1781 1088 1851 σύνισθ’

135 1879 244 1967 ὑμεῖς·
267 1888 335 1947 των
347 1877 381 1947 δ’
394 1885 431 1950 ἐν
441 1888 599 1970 Περίνθῳ
611 1884 665 1949 καὶ
683 1890 750 1949 τῶν
762 1885 797 1950 ἐν
810 1880 1088 1971 Ἀλωπεκοννήσῳ

135 1980 228 2049 κάλει
239 2005 296 2065 μοι
306 1980 384 2060 τούς
395 1980 614 2066 τριηράρχους
625 1981 802 2067 μάρτυρας.

486 2155 738 2216 ΜΑΡΤΤΡΕΣ.

80 2288 127 2344 169
220 2278 317 2347 Μετὰ
346 2286 450 2346 ταῦτα
477 2287 609 2365 τοίνυν,
639 2278 752 2365 ἐπειδή
778 2278 1008 2364 Κηφισόδοτος
1029 2279 1091 2365 μὲν

135 2377 307 2466 άπηλλάγη
320 2386 382 2446 τοῦ
393 2393 597 2465 στρατηγεῖν,
615 2375 696 2464 ὑμῖν
706 2375 739 2446 δ’
752 2375 815 2445 ούκ
826 2376 969 2446 ἐδόκουν
979 2384 1089 2457 καλῶς

135 2483 221 2563 ἔχειν
232 2473 311 2567 ούδὲ
323 2481 457 2556 δικαίως
474 2482 512 2545 αί
530 2476 612 2561 πρὸς
628 2480 756 2545 ἐκεῖνον
771 2492 946 2565 γραφεῖσαι
959 2485 1092 2564 συνθή-

137 2602 209 2656 και,
231 2575 293 2643 τόν
315 2575 378 2660 μὲν
399 2576 640 2662 Μιλτοκύθην,
664 2575 725 2643 τόν
745 2574 798 2645 διά
820 2573 944 2655 παντὸς
965 2573 1091 2644 εύνουν

137 2671 218 2760 ὑμῖν
227 2683 289 2743 τοῦ
298 2673 440 2761 χρόνον,
463 2671 576 2760 λαβών
586 2677 797 2760 προδοθέντα
809 2673 874 2744 ὑπό
886 2683 948 2744 τοῦ
958 2682 1090 2761 Σμικυ-

135 2779 262 2850 θίωνος
275 2769 292 2839 ὁ
304 2775 445 2858 χρηστός
456 2765 554 2853 οὗτος
564 2778 770 2862 Χαρίδημος,
795 2772 858 2843 ούκ
878 2772 975 2853 ὄντος
993 2765 1091 2860 νομί-

137 2896 204 2956 μου
220 2883 288 2949 τοῖς
306 2873 430 2958 Θρᾳξίν
448 2867 612 2958 ἀλλήλους
633 2870 890 2962 ἀποκτιννύναι,
913 2868 1018 2959 γνούς
1038 2869 1132 2942 ότιδλ

137 2968 326 3057 σωθήσεται
338 2966 422 3055 πρός
432 2975 688 3059 Κερσοβλέπτην
705 2967 748 3040 άν
759 2969 865 3061 άγθή,
885 2974 1092 3056 παραδίδωσι

136 3073 338 3154 Καρδιανοῖς
348 3081 416 3148 τοῖς
426 3066 596 3157 ὑμετέροις
605 3073 745 3156 ἐχθροῖς.
772 3068 919 3139 κάκεῖνοι
934 3067 1093 3156 λαβόντες

137 3170 192 3241 καὶ
204 3164 309 3236 αὐτόν
319 3167 374 3237 καὶ
384 3165 446 3237 τόν
458 3167 545 3258 νίόν,
564 3168 787 3255 άυαγαγόντες
798 3175 843 3248 είς
853 3166 890 3238 τό
903 3169 1044 3254 πέλαγος
1055 3169 1092 3234 ἐν

139 3273 259 3355 πλοίῳ,
282 3262 343 3335 τόν
353 3263 415 3352 μὲν
430 3265 729 3353 υίόυάπέσφαξαν,
752 3269 880 3335 ἐκεῖνον
891 3264 923 3334 δ’
934 3264 1092 3334 ἐπιδόντα

76 3370 127 3428 170
137 3361 198 3433 τόν
209 3365 286 3432 υἱόν
297 3361 596 3453 ἀποσφαττόμενον
606 3364 854 3434 κατεπόντισαν.
876 3362 1088 3451 1koon-

137 3470 208 3530 κῶν
225 3462 385 3530 ἁπάντων
404 3471 552 3547 χαλεποῖς
572 3463 779 3549 ἐνεγκόντων
796 3466 849 3532 ἐπὶ
865 3462 1012 3548 τούτοις,
1034 3461 1091 3531 καλ
