2370 3854
321 209 461 269 ΠΡΟΣ
481 207 733 267 ONHTOPA
753 208 792 266 Α.
969 207 1030 269 361

83 371 145 459 τὴν
164 375 260 455 δίκην
277 377 398 437 τοῦτον
415 363 520 444 εὐθὺς
536 363 800 451 ἀποδεδεγμένον
815 365 855 434 τά
866 371 902 435 ἐκ
912 376 970 455 τῆς
980 374 1031 436 οί-

84 477 155 549 κίας
166 476 224 555 της
232 464 379 554 Ἀφόβου
394 465 558 552 χρήματα,
575 466 630 531 καὶ
648 464 845 549 κόριοντων
855 462 886 532 τ’
900 469 1030 534 ἐκείνου

84 665 174 757 αὐτῷ
185 665 248 751 τὴν
257 677 399 750 γυναῖκα
409 669 525 748 σαφῶς
534 661 758 747 ἐπιστάμενος,
769 675 855 746 τρεῖς
865 671 1030 747 θεραπαί-

82 792 142 843 νας
153 763 289 853 έξῄτησα
301 760 414 847 αὐτόν,
422 768 459 830 αἳ
466 761 692 829 συνοικοῦσάν
701 788 737 829 τε
744 760 807 848 τὴν
815 759 941 847 γυναῖκ’
951 761 1030 852 ᾕδε-

84 883 147 930 σαν
158 865 211 930 καὶ
222 859 262 929 τά
273 858 421 948 χρήματα
433 858 485 928 ότι
497 858 587 946 παρά
597 861 726 940 τούτοις
736 852 794 947 ἦν,
815 859 925 948 ἵναμὴ
937 862 1029 946 λόγοι

41 961 207 1048 εσμόνου,
226 956 310 1027 ἀλλά
328 961 383 1026 καὶ
394 957 536 1045 βάσανοι
546 961 620 1045 περὶ
635 959 747 1029 νότων
757 970 934 1047 γίγνοιντο.
967 955 1029 1030 σό-

83 1086 138 1138 τος
155 1056 185 1126 δ’
206 1061 287 1144 έμοῦ
310 1061 603 1144 προκαλεσαμένου
619 1068 723 1141 ταῦτα
739 1062 794 1129 καὶ
811 1062 946 1131 πάντων
962 1071 1031 1130 των

83 1158 259 1240 παρόντων
277 1162 386 1227 δίκαια
402 1163 511 1243 λέγειν
526 1183 567 1241 με
583 1154 852 1244 ἀποφηναμένων
866 1159 929 1228 οὐκ
947 1157 1031 1245 ἤθε’·
1147 1198 1169 1211 ··

83 1267 181 1343 λησευ
193 1264 238 1336 είς
247 1263 346 1326 τοῦτο
356 1255 508 1341 τάκριβές
520 1270 740 1340 καταφυγεῖν,
758 1253 825 1324 ἀλλ’
839 1256 950 1342 ὥσπερ
960 1260 1030 1326 ἑτέ-

84 1384 152 1440 ρων
180 1363 282 1426 τινων
309 1353 417 1422 όντων
445 1355 519 1437 περὶ
546 1360 615 1420 των
635 1351 795 1420 τοιούτων
815 1357 1030 1439 σαφεστέρων

83 1457 224 1539 ἐλέγχων
240 1449 262 1538 ἦ
279 1451 439 1539 βασάνων
455 1453 508 1519 καὶ
528 1459 737 1537 μαρτυριῶν,
759 1449 836 1518 οὔτε
858 1452 1030 1536 μάρτυρας

83 1551 304 1638 παρεχόμενος
320 1551 380 1637 την
397 1565 517 1636 προῖκα
530 1547 573 1628 ἀς
583 1547 818 1636 ἀποδέδωκεν,Ι
832 1545 898 1617 οὔτ’
911 1556 957 1629 είς
965 1551 1031 1637 βό-

84 1671 188 1717 σανον
205 1648 355 1728 έκδιδοδς
373 1647 431 1728 τάς
447 1653 637 1728 συνειδυίας
649 1650 723 1734 περὶ
733 1656 796 1716 τοῦ
804 1646 848 1734 μὴ
861 1663 1030 1717 συνοικεῖν

83 1747 145 1835 την
160 1745 324 1835 ἀδελφὴν,
343 1746 394 1816 ότι
410 1746 504 1816 ταῦτ’
517 1746 648 1835 ἠξίουν,
660 1746 858 1835 ὑβριστικῶς
874 1747 964 1816 πάνυ
975 1751 1030 1816 καὶ

85 1854 390 1934 προπηλακιστικῶς
406 1846 469 1916 οὐκ
487 1858 538 1916 εία
555 1874 596 1934 με
607 1847 697 1938 αὐτῷ
709 1852 928 1934 διαλέγεσθαι.
950 1848 1032 1915 τοό-

83 1974 143 2014 του
159 1944 282 2038 γένοιτ’
295 1944 338 2014 ἀν
347 1942 396 2027 τις
406 1946 635 2033 σχετλιώτερος
651 1946 847 2031 ἅνθρωπος,
864 1943 886 2032 ἢ
904 1953 1031 2032 μᾶλλον

84 2046 169 2114 ἑκών
178 2045 219 2112 τά
229 2045 322 2113 δίκαι’
336 2043 470 2132 ἀγνοεῖν
479 2031 875 2131 προσποιούμενοςςδαβὲ
886 2042 1033 2129 δἀὐτην

84 2145 145 2228 την
156 2145 340 2228 πρόκλησιν
351 2146 405 2212 καὶ
416 2143 598 2239 ἀνάγνωθι.
856 2138 862 2149 ’

421 2300 698 2360 ΠΡΟΚΛΗΣΙΣ.

40 2459 74 2512 37
161 2426 265 2515 Ὑμεῖς
275 2435 391 2496 τοίνυν
401 2430 456 2496 καὶ
467 2432 533 2516 ίδίηι
550 2431 605 2496 καὶ
622 2432 763 2516 δημοσία
773 2427 924 2515 βάσανον
935 2426 1032 2511 ἀκρι-

83 2529 246 2616 βεστάτην
257 2536 374 2596 πασῶν
384 2533 526 2597 πίστεων
537 2532 694 2614 νομίζετε,
702 2527 756 2594 καὶ
767 2524 854 2595 ὅπου
864 2521 908 2592 ἀν
916 2528 1032 2593 δοῦλοι

84 2629 138 2695 καὶ
150 2626 323 2712 ἐλεύθεροι
333 2629 598 2711 παραγένωνται,
616 2628 673 2713 δέη
691 2623 723 2692 δ’
737 2620 918 2710 εὑρεθῆναι
927 2623 991 2703 τόζ
1011 2659 1032 2673 -

84 2725 258 2811 τοόμενον,
276 2723 317 2793 οὗ
328 2732 455 2812 χρῆσθε
467 2738 536 2803 ταῖς
548 2731 614 2791 τῶν
631 2725 817 2808 ἐλευθέρων
828 2727 1031 2807 μαρτυρίαις,

84 2822 168 2891 ἀλλά
178 2821 257 2901 τούς
265 2822 407 2902 δούλους
416 2829 646 2911 βασανίζοντες
656 2821 744 2891 οὕτω
754 2828 872 2908 ζητεῖτε
880 2817 942 2906 τὴν
951 2818 1033 2904 ἀλη-

85 2930 183 2989 θειαν
196 2917 324 3006 εὑρεῖν,
348 2921 498 3004 είκότως,
521 2915 684 3004 όάνδρες
702 2924 860 2988 δικασταί.
892 2917 1034 3002 τῶνμὶν

85 3014 150 3103 γάρ
161 3017 445 3102 μαρτυρησάντων
455 3017 518 3104 ἤδη
536 3022 621 3095 τινὲς
633 3015 674 3084 οὐ
685 3016 813 3102 τάληθῆ
825 3022 1034 3101 μαρτυρῆσαι

86 3120 224 3194 ἔδοξαν
246 3121 314 3181 τεόν
333 3114 369 3182 δὲ
386 3120 659 3202 βασανισθέντων
675 3111 809 3190 οὐδένες
825 3108 947 3179 πώποτ’
960 3113 1033 3194 ἐξη-

86 3217 292 3300 λέγχθησαν,
310 3211 354 3293 ἀς
368 3213 431 3282 οόκ
449 3212 560 3299 ἀληθῆ
578 3213 617 3280 τά
634 3214 670 3278 ἐκ
687 3218 744 3296 τῆς
759 3208 911 3296 βασάνου
929 3205 1032 3274 εἶπον.

43 3304 184 3390 ὃὸοὗτος
207 3311 243 3379 δὲ
258 3318 437 3396 τηλικαῦτα
462 3316 571 3380 δίκαια
588 3306 708 3394 φυγάν
730 3309 786 3375 καὶ
808 3320 924 3392 σαφεῖς
944 3302 1033 3372 οὕτω
1042 3317 1096 3376 θῖβ

86 3413 141 3478 καὶ
158 3409 324 3497 μεγάλους
340 3413 491 3495 ἐλέγχους
508 3405 874 3493 παραλιπών,’Άφοβον
892 3404 1033 3490 παρεχό-
1091 3433 1095 3439 ·
