<?xml version="1.0" encoding="UTF-8"?>
<!DOCTYPE html PUBLIC "-//W3C//DTD XHTML 1.0 Transitional//EN"
    "http://www.w3.org/TR/xhtml1/DTD/xhtml1-transitional.dtd">
<html xmlns="http://www.w3.org/1999/xhtml" xml:lang="en" lang="en">
 <head>
  <title>
</title>
<meta http-equiv="Content-Type" content="text/html;charset=utf-8" />
  <meta name='ocr-system' content='tesseract 3.04.00' />
  <meta name='ocr-capabilities' content='ocr_page ocr_carea ocr_par ocr_line ocrx_word'/>
</head>
<body>
  <div class='ocr_page' id='page_1' title='image "./orationesexrece01demogoog_0300.png"; bbox 0 0 2370 3854; ppageno 0'>
   <div class='ocr_carea' id='block_1_1' title="bbox 228 210 1061 279">
    <p class='ocr_par' dir='ltr' id='par_1_1' title="bbox 228 210 1061 279">
     <span class='ocr_line' id='line_1_1' title="bbox 228 210 1061 279; baseline 0.008 -7"><span class='ocrx_word' id='word_1_1' title='bbox 228 211 370 272; x_wconf 86' lang='grc' dir='ltr'><em>ΚΑΤΑ</em></span> <span class='ocrx_word' id='word_1_2' title='bbox 390 210 875 276; x_wconf 86' lang='grc' dir='ltr'><em>ΑΡΙΣΤΟΓΕΙΤΟΝΟΣ</em></span> <span class='ocrx_word' id='word_1_3' title='bbox 893 218 934 276; x_wconf 88' lang='lat' dir='ltr'><strong><em>A.</em></strong></span> <span class='ocrx_word' id='word_1_4' title='bbox 999 215 1061 279; x_wconf 76' lang='lat'><strong><em>295</em></strong></span> 
     </span>
    </p>
   </div>
   <div class='ocr_carea' id='block_1_2' title="bbox 64 364 1170 3504">
    <p class='ocr_par' dir='ltr' id='par_1_2' title="bbox 109 364 1062 656">
     <span class='ocr_line' id='line_1_2' title="bbox 109 364 1062 461; baseline 0.004 -21"><span class='ocrx_word' id='word_1_5' title='bbox 109 398 209 460; x_wconf 89' lang='grc' dir='ltr'><strong><em>νηρος</em></strong></span> <span class='ocrx_word' id='word_1_6' title='bbox 225 369 407 456; x_wconf 75' lang='grc' dir='ltr'><strong><em>ἄνθρωπος</em></strong></span> <span class='ocrx_word' id='word_1_7' title='bbox 424 369 518 448; x_wconf 77' lang='grc' dir='ltr'><strong><em>ποῖός</em></strong></span> <span class='ocrx_word' id='word_1_8' title='bbox 534 397 597 455; x_wconf 87' lang='grc' dir='ltr'><strong><em>τις,</em></strong></span> <span class='ocrx_word' id='word_1_9' title='bbox 620 364 647 437; x_wconf 74' lang='grc' dir='ltr'><em>ὦ</em></span> <span class='ocrx_word' id='word_1_10' title='bbox 664 370 978 461; x_wconf 74' lang='grc' dir='ltr'><strong><em>άνδρεςἏδηναῑοι,</em></strong></span> <span class='ocrx_word' id='word_1_11' title='bbox 999 403 1062 444; x_wconf 88' lang='grc' dir='ltr'><strong><em>κα-</em></strong></span> 
     </span>
     <span class='ocr_line' id='line_1_3' title="bbox 110 464 1058 560; baseline 0.006 -22"><span class='ocrx_word' id='word_1_12' title='bbox 110 468 193 539; x_wconf 75' lang='grc' dir='ltr'><strong><em>λοῖτ’</em></strong></span> <span class='ocrx_word' id='word_1_13' title='bbox 205 464 247 537; x_wconf 79' lang='grc' dir='ltr'><strong><em>άν</em></strong></span> <span class='ocrx_word' id='word_1_14' title='bbox 258 474 409 555; x_wconf 88' lang='grc' dir='ltr'><strong><em>δικαίως,</em></strong></span> <span class='ocrx_word' id='word_1_15' title='bbox 422 465 439 536; x_wconf 87' lang='grc' dir='ltr'><strong>ὁ</strong></span> <span class='ocrx_word' id='word_1_16' title='bbox 452 468 724 556; x_wconf 75' lang='grc' dir='ltr'><strong><em>τρισκατάρατος,</em></strong></span> <span class='ocrx_word' id='word_1_17' title='bbox 737 468 755 538; x_wconf 88' lang='grc' dir='ltr'>ὁ</span> <span class='ocrx_word' id='word_1_18' title='bbox 767 473 880 550; x_wconf 87' lang='grc' dir='ltr'><strong><em>κοινός</em></strong></span> <span class='ocrx_word' id='word_1_19' title='bbox 890 475 1026 560; x_wconf 75' lang='grc' dir='ltr'><strong><em>ἐχθρός,</em></strong></span> <span class='ocrx_word' id='word_1_20' title='bbox 1040 472 1058 544; x_wconf 84' lang='grc' dir='ltr'>ὁ</span> 
     </span>
     <span class='ocr_line' id='line_1_4' title="bbox 110 565 1062 656; baseline 0.007 -22"><span class='ocrx_word' id='word_1_21' title='bbox 110 576 189 635; x_wconf 85' lang='grc' dir='ltr'><strong><em>πᾶσι</em></strong></span> <span class='ocrx_word' id='word_1_22' title='bbox 206 566 386 654; x_wconf 76' lang='grc' dir='ltr'><strong><em>δυσμενὴς,</em></strong></span> <span class='ocrx_word' id='word_1_23' title='bbox 410 565 476 655; x_wconf 82' lang='grc' dir='ltr'><strong><em>ότφ</em></strong></span> <span class='ocrx_word' id='word_1_24' title='bbox 494 567 576 652; x_wconf 81' lang='grc' dir='ltr'><strong><em>μήτε</em></strong></span> <span class='ocrx_word' id='word_1_25' title='bbox 585 575 629 652; x_wconf 81' lang='grc' dir='ltr'><strong><em>γῆ</em></strong></span> <span class='ocrx_word' id='word_1_26' title='bbox 640 572 736 653; x_wconf 87' lang='grc' dir='ltr'><strong><em>φέροι</em></strong></span> <span class='ocrx_word' id='word_1_27' title='bbox 746 569 877 653; x_wconf 83' lang='grc' dir='ltr'><strong><em>καρπὸν</em></strong></span> <span class='ocrx_word' id='word_1_28' title='bbox 886 570 962 656; x_wconf 83' lang='grc' dir='ltr'><strong><em>μήτ’</em></strong></span> <span class='ocrx_word' id='word_1_29' title='bbox 975 571 1062 641; x_wconf 85' lang='grc' dir='ltr'><strong><em>άπο-</em></strong></span> 
     </span>
    </p>

    <p class='ocr_par' dir='ltr' id='par_1_3' title="bbox 65 664 1170 1540">
     <span class='ocr_line' id='line_1_5' title="bbox 65 664 1062 755; baseline 0.006 -23"><span class='ocrx_word' id='word_1_30' title='bbox 65 678 101 732; x_wconf 86' lang='grc'><strong><em>83</em></strong></span> <span class='ocrx_word' id='word_1_31' title='bbox 109 666 260 733; x_wconf 75' lang='grc' dir='ltr'><strong><em>θανόντα</em></strong></span> <span class='ocrx_word' id='word_1_32' title='bbox 271 667 413 744; x_wconf 76' lang='grc' dir='ltr'><strong><em>δέξαιτος</em></strong></span> <span class='ocrx_word' id='word_1_33' title='bbox 425 664 485 750; x_wconf 81' lang='grc' dir='ltr'><strong><em>οὐχ</em></strong></span> <span class='ocrx_word' id='word_1_34' title='bbox 498 664 516 731; x_wconf 91' lang='grc' dir='ltr'>ὁ</span> <span class='ocrx_word' id='word_1_35' title='bbox 528 674 690 746; x_wconf 73' lang='grc' dir='ltr'><strong><em>τοιοῦτοςς</em></strong></span> <span class='ocrx_word' id='word_1_36' title='bbox 703 672 805 753; x_wconf 86' lang='grc' dir='ltr'><strong><em>ἔγωγε</em></strong></span> <span class='ocrx_word' id='word_1_37' title='bbox 815 675 945 755; x_wconf 74' lang='grc' dir='ltr'><strong><em>νομίζω.</em></strong></span> <span class='ocrx_word' id='word_1_38' title='bbox 972 678 1062 749; x_wconf 89' lang='grc' dir='ltr'><strong><em>τίνος</em></strong></span> 
     </span>
     <span class='ocr_line' id='line_1_6' title="bbox 109 761 1062 854; baseline 0.005 -24"><span class='ocrx_word' id='word_1_39' title='bbox 109 766 144 830; x_wconf 83' lang='grc' dir='ltr'><strong><em>δὲ</em></strong></span> <span class='ocrx_word' id='word_1_40' title='bbox 159 761 388 849; x_wconf 76' lang='grc' dir='ltr'><strong><em>σνγγνοόμηςῆ</em></strong></span> <span class='ocrx_word' id='word_1_41' title='bbox 399 769 505 830; x_wconf 87' lang='grc' dir='ltr'><strong><em>ποίων</em></strong></span> <span class='ocrx_word' id='word_1_42' title='bbox 515 766 615 832; x_wconf 82' lang='grc' dir='ltr'><strong><em>ἐλέων</em></strong></span> <span class='ocrx_word' id='word_1_43' title='bbox 627 769 662 834; x_wconf 85' lang='grc' dir='ltr'><strong><em>οί</em></strong></span> <span class='ocrx_word' id='word_1_44' title='bbox 670 773 996 854; x_wconf 82' lang='grc' dir='ltr'><strong><em>σεσυκοφαντημένοι</em></strong></span> <span class='ocrx_word' id='word_1_45' title='bbox 1007 794 1062 835; x_wconf 87' lang='grc' dir='ltr'><strong><em>τε-</em></strong></span> 
     </span>
     <span class='ocr_line' id='line_1_7' title="bbox 107 856 1061 947; baseline 0.005 -20"><span class='ocrx_word' id='word_1_46' title='bbox 107 860 267 947; x_wconf 85' lang='grc' dir='ltr'><strong><em>τυχήκασι</em></strong></span> <span class='ocrx_word' id='word_1_47' title='bbox 282 858 371 943; x_wconf 83' lang='grc' dir='ltr'><strong><em>παρά</em></strong></span> <span class='ocrx_word' id='word_1_48' title='bbox 387 861 525 946; x_wconf 84' lang='grc' dir='ltr'><strong><em>τούτου,</em></strong></span> <span class='ocrx_word' id='word_1_49' title='bbox 548 858 597 940; x_wconf 81' lang='grc' dir='ltr'><strong><em>οἷς</em></strong></span> <span class='ocrx_word' id='word_1_50' title='bbox 613 856 711 942; x_wconf 78' lang='grc' dir='ltr'><strong><em>οὗτος</em></strong></span> <span class='ocrx_word' id='word_1_51' title='bbox 721 865 872 933; x_wconf 75' lang='grc' dir='ltr'><strong><em>θανάτου</em></strong></span> <span class='ocrx_word' id='word_1_52' title='bbox 884 874 986 934; x_wconf 85' lang='grc' dir='ltr'><strong><em>πᾶσιν</em></strong></span> <span class='ocrx_word' id='word_1_53' title='bbox 996 870 1061 934; x_wconf 81' lang='grc' dir='ltr'><strong><em>ἑτι-</em></strong></span> 
     </span>
     <span class='ocr_line' id='line_1_8' title="bbox 108 962 1122 1050; baseline 0.006 -25"><span class='ocrx_word' id='word_1_54' title='bbox 108 968 190 1044; x_wconf 79' lang='grc' dir='ltr'><strong><em>μοῖτο</em></strong></span> <span class='ocrx_word' id='word_1_55' title='bbox 203 962 239 1026; x_wconf 83' lang='grc' dir='ltr'><strong><em>ἐν</em></strong></span> <span class='ocrx_word' id='word_1_56' title='bbox 250 965 395 1029; x_wconf 79' lang='grc' dir='ltr'><strong><em>τουτοισὶ</em></strong></span> <span class='ocrx_word' id='word_1_57' title='bbox 405 974 473 1039; x_wconf 79' lang='grc' dir='ltr'><strong><em>τοῖς</em></strong></span> <span class='ocrx_word' id='word_1_58' title='bbox 485 965 719 1049; x_wconf 73' lang='grc' dir='ltr'><strong><em>δικαστηρίοις,</em></strong></span> <span class='ocrx_word' id='word_1_59' title='bbox 733 965 787 1031; x_wconf 89' lang='grc' dir='ltr'><strong><em>καὶ</em></strong></span> <span class='ocrx_word' id='word_1_60' title='bbox 797 971 900 1032; x_wconf 81' lang='grc' dir='ltr'><strong><em>ταῦτα</em></strong></span> <span class='ocrx_word' id='word_1_61' title='bbox 911 968 989 1049; x_wconf 77' lang='grc' dir='ltr'><strong><em>πρὶν</em></strong></span> <span class='ocrx_word' id='word_1_62' title='bbox 1000 963 1061 1050; x_wconf 79' lang='grc' dir='ltr'><strong><em>τὴν</em></strong></span> <span class='ocrx_word' id='word_1_63' title='bbox 1069 977 1122 1035; x_wconf 73' lang='grc'><strong><em>795</em></strong></span> 
     </span>
     <span class='ocr_line' id='line_1_9' title="bbox 108 1056 1060 1148; baseline 0.008 -25"><span class='ocrx_word' id='word_1_64' title='bbox 108 1056 243 1142; x_wconf 76' lang='grc' dir='ltr'><strong><em>πρωτην</em></strong></span> <span class='ocrx_word' id='word_1_65' title='bbox 260 1065 376 1144; x_wconf 76' lang='grc' dir='ltr'><strong><em>ψῆφον</em></strong></span> <span class='ocrx_word' id='word_1_66' title='bbox 394 1062 621 1145; x_wconf 76' lang='grc' dir='ltr'><strong><em>διευεχδῆναις</em></strong></span> <span class='ocrx_word' id='word_1_67' title='bbox 642 1063 697 1127; x_wconf 82' lang='grc' dir='ltr'><strong><em>καὶ</em></strong></span> <span class='ocrx_word' id='word_1_68' title='bbox 709 1059 766 1146; x_wconf 80' lang='grc' dir='ltr'><strong><em>ἐφ’</em></strong></span> <span class='ocrx_word' id='word_1_69' title='bbox 782 1058 830 1139; x_wconf 81' lang='grc' dir='ltr'><strong><em>οἷς</em></strong></span> <span class='ocrx_word' id='word_1_70' title='bbox 851 1060 869 1129; x_wconf 86' lang='grc' dir='ltr'>ὁ</span> <span class='ocrx_word' id='word_1_71' title='bbox 892 1063 1060 1148; x_wconf 75' lang='grc' dir='ltr'><strong><em>βάσκανος</em></strong></span> 
     </span>
     <span class='ocr_line' id='line_1_10' title="bbox 108 1147 1170 1247; baseline 0.007 -26"><span class='ocrx_word' id='word_1_72' title='bbox 108 1147 205 1234; x_wconf 82' lang='grc' dir='ltr'><strong><em>οὗτος</em></strong></span> <span class='ocrx_word' id='word_1_73' title='bbox 222 1155 328 1234; x_wconf 76' lang='grc' dir='ltr'><strong><em>οὕτως</em></strong></span> <span class='ocrx_word' id='word_1_74' title='bbox 344 1155 441 1241; x_wconf 72' lang='grc' dir='ltr'><strong><em>ω’μοῖς</em></strong></span> <span class='ocrx_word' id='word_1_75' title='bbox 456 1160 512 1224; x_wconf 78' lang='grc' dir='ltr'><strong><em>καὶ</em></strong></span> <span class='ocrx_word' id='word_1_76' title='bbox 528 1165 653 1240; x_wconf 69' lang='grc' dir='ltr'><strong><em>πικροῖς</em></strong></span> <span class='ocrx_word' id='word_1_77' title='bbox 670 1157 750 1244; x_wconf 76' lang='grc' dir='ltr'><strong><em>εἶχε,</em></strong></span> <span class='ocrx_word' id='word_1_78' title='bbox 771 1161 912 1237; x_wconf 83' lang='grc' dir='ltr'><strong><em>τούτους</em></strong></span> <span class='ocrx_word' id='word_1_79' title='bbox 921 1159 1018 1247; x_wconf 77' lang='grc' dir='ltr'><strong><em>ὑμῶν</em></strong></span> <span class='ocrx_word' id='word_1_80' title='bbox 1029 1164 1064 1229; x_wconf 83' lang='grc' dir='ltr'><strong><em>οί</em></strong></span> <span class='ocrx_word' id='word_1_81' title='bbox 1165 1212 1170 1219; x_wconf 87' lang='grc'><strong><em>.</em></strong></span> 
     </span>
     <span class='ocr_line' id='line_1_11' title="bbox 107 1250 1062 1340; baseline 0.003 -18"><span class='ocrx_word' id='word_1_82' title='bbox 107 1255 276 1340; x_wconf 77' lang='grc' dir='ltr'><strong><em>λαχόντες,</em></strong></span> <span class='ocrx_word' id='word_1_83' title='bbox 300 1250 327 1324; x_wconf 79' lang='grc' dir='ltr'><strong><em>ά</em></strong></span> <span class='ocrx_word' id='word_1_84' title='bbox 349 1254 468 1337; x_wconf 87' lang='grc' dir='ltr'><strong><em>άνδρες</em></strong></span> <span class='ocrx_word' id='word_1_85' title='bbox 484 1251 672 1340; x_wconf 76' lang='grc' dir='ltr'><strong><em>Ἀθηναῖοι,</em></strong></span> <span class='ocrx_word' id='word_1_86' title='bbox 695 1254 735 1321; x_wconf 83' lang='grc' dir='ltr'><strong><em>τά</em></strong></span> <span class='ocrx_word' id='word_1_87' title='bbox 758 1259 868 1325; x_wconf 89' lang='grc' dir='ltr'><strong><em>δίκαια</em></strong></span> <span class='ocrx_word' id='word_1_88' title='bbox 887 1265 1062 1336; x_wconf 83' lang='grc' dir='ltr'><strong><em>ποιοῦντες</em></strong></span> 
     </span>
     <span class='ocr_line' id='line_1_12' title="bbox 108 1351 1062 1441; baseline 0.001 -19"><span class='ocrx_word' id='word_1_89' title='bbox 108 1361 244 1440; x_wconf 81' lang='grc' dir='ltr'><strong><em>ἔσωζον,</em></strong></span> <span class='ocrx_word' id='word_1_90' title='bbox 264 1353 408 1431; x_wconf 78' lang='grc' dir='ltr'><strong><em>καὶτοὺς</em></strong></span> <span class='ocrx_word' id='word_1_91' title='bbox 419 1351 484 1420; x_wconf 84' lang='grc' dir='ltr'><strong><em>ὑπὸ</em></strong></span> <span class='ocrx_word' id='word_1_92' title='bbox 497 1354 619 1421; x_wconf 80' lang='grc' dir='ltr'><strong><em>τούτου</em></strong></span> <span class='ocrx_word' id='word_1_93' title='bbox 632 1358 969 1441; x_wconf 84' lang='grc' dir='ltr'><strong><em>συκοφαντουμένους</em></strong></span> <span class='ocrx_word' id='word_1_94' title='bbox 980 1355 1062 1423; x_wconf 89' lang='grc' dir='ltr'><strong><em>άπε-</em></strong></span> 
     </span>
     <span class='ocr_line' id='line_1_13' title="bbox 108 1451 1062 1540; baseline 0.002 -21"><span class='ocrx_word' id='word_1_95' title='bbox 108 1457 305 1537; x_wconf 76' lang='grc' dir='ltr'><strong><em>υηφίζοντο,</em></strong></span> <span class='ocrx_word' id='word_1_96' title='bbox 322 1455 377 1520; x_wconf 81' lang='grc' dir='ltr'><strong><em>καί</em></strong></span> <span class='ocrx_word' id='word_1_97' title='bbox 386 1451 423 1520; x_wconf 84' lang='grc' dir='ltr'><strong><em>τὸ</em></strong></span> <span class='ocrx_word' id='word_1_98' title='bbox 436 1456 582 1538; x_wconf 88' lang='grc' dir='ltr'><strong><em>πέμπτον</em></strong></span> <span class='ocrx_word' id='word_1_99' title='bbox 592 1457 691 1538; x_wconf 82' lang='grc' dir='ltr'><strong><em>μέρος</em></strong></span> <span class='ocrx_word' id='word_1_100' title='bbox 701 1460 769 1519; x_wconf 82' lang='grc' dir='ltr'><strong><em>τῶν</em></strong></span> <span class='ocrx_word' id='word_1_101' title='bbox 780 1454 903 1540; x_wconf 83' lang='grc' dir='ltr'><strong><em>ψήφων</em></strong></span> <span class='ocrx_word' id='word_1_102' title='bbox 914 1451 956 1520; x_wconf 80' lang='grc' dir='ltr'><strong><em>οὐ</em></strong></span> <span class='ocrx_word' id='word_1_103' title='bbox 967 1480 1062 1540; x_wconf 89' lang='grc' dir='ltr'><strong><em>μετε-</em></strong></span> 
     </span>
    </p>

    <p class='ocr_par' dir='ltr' id='par_1_4' title="bbox 64 1547 1063 2422">
     <span class='ocr_line' id='line_1_14' title="bbox 64 1547 1061 1637; baseline 0.004 -21"><span class='ocrx_word' id='word_1_104' title='bbox 64 1573 100 1628; x_wconf 73' lang='lat'><strong><em>34</em></strong></span> <span class='ocrx_word' id='word_1_105' title='bbox 109 1554 247 1617; x_wconf 77' lang='grc' dir='ltr'><strong><em>δίδοσαν</em></strong></span> <span class='ocrx_word' id='word_1_106' title='bbox 257 1549 375 1637; x_wconf 77' lang='grc' dir='ltr'><strong><em>τούτῳ.</em></strong></span> <span class='ocrx_word' id='word_1_107' title='bbox 397 1547 469 1617; x_wconf 76' lang='grc' dir='ltr'><strong><em>ἀλλ’</em></strong></span> <span class='ocrx_word' id='word_1_108' title='bbox 482 1549 506 1635; x_wconf 80' lang='grc' dir='ltr'><strong><em>η’</em></strong></span> <span class='ocrx_word' id='word_1_109' title='bbox 514 1576 552 1634; x_wconf 90' lang='grc' dir='ltr'><strong><em>γε</em></strong></span> <span class='ocrx_word' id='word_1_110' title='bbox 562 1551 685 1618; x_wconf 84' lang='grc' dir='ltr'><strong><em>τούτου</em></strong></span> <span class='ocrx_word' id='word_1_111' title='bbox 696 1559 809 1635; x_wconf 90' lang='grc' dir='ltr'><strong><em>πικρία</em></strong></span> <span class='ocrx_word' id='word_1_112' title='bbox 823 1555 878 1618; x_wconf 81' lang='grc' dir='ltr'><strong><em>καί</em></strong></span> <span class='ocrx_word' id='word_1_113' title='bbox 888 1559 1061 1637; x_wconf 85' lang='grc' dir='ltr'><strong><em>μιαιφονία</em></strong></span> 
     </span>
     <span class='ocr_line' id='line_1_15' title="bbox 107 1646 1063 1738; baseline 0.005 -24"><span class='ocrx_word' id='word_1_114' title='bbox 107 1650 162 1714; x_wconf 85' lang='grc' dir='ltr'><strong><em>καὶ</em></strong></span> <span class='ocrx_word' id='word_1_115' title='bbox 174 1646 302 1733; x_wconf 77' lang='grc' dir='ltr'><strong><em>ὠμότης</em></strong></span> <span class='ocrx_word' id='word_1_116' title='bbox 313 1656 423 1734; x_wconf 82' lang='grc' dir='ltr'><strong><em>παρῆν</em></strong></span> <span class='ocrx_word' id='word_1_117' title='bbox 433 1650 489 1716; x_wconf 81' lang='grc' dir='ltr'><strong><em>καὶ</em></strong></span> <span class='ocrx_word' id='word_1_118' title='bbox 501 1649 674 1733; x_wconf 75' lang='grc' dir='ltr'><strong><em>ἐξητάζετο.</em></strong></span> <span class='ocrx_word' id='word_1_119' title='bbox 699 1647 771 1735; x_wconf 84' lang='grc' dir='ltr'><strong><em>οὐχὶ</em></strong></span> <span class='ocrx_word' id='word_1_120' title='bbox 781 1655 904 1736; x_wconf 88' lang='grc' dir='ltr'><strong><em>παιδία,</em></strong></span> <span class='ocrx_word' id='word_1_121' title='bbox 915 1650 987 1738; x_wconf 76' lang='grc' dir='ltr'><strong><em>οὐχὶ</em></strong></span> <span class='ocrx_word' id='word_1_122' title='bbox 998 1678 1063 1737; x_wconf 89' lang='grc' dir='ltr'><strong><em>μη-</em></strong></span> 
     </span>
     <span class='ocr_line' id='line_1_16' title="bbox 106 1747 1062 1833; baseline 0.002 -18"><span class='ocrx_word' id='word_1_123' title='bbox 106 1751 203 1832; x_wconf 87' lang='grc' dir='ltr'><strong><em>τέρας</em></strong></span> <span class='ocrx_word' id='word_1_124' title='bbox 218 1755 286 1814; x_wconf 77' lang='grc' dir='ltr'><strong><em>τῶν</em></strong></span> <span class='ocrx_word' id='word_1_125' title='bbox 304 1751 512 1833; x_wconf 80' lang='grc' dir='ltr'><strong><em>κρινομένων</em></strong></span> <span class='ocrx_word' id='word_1_126' title='bbox 522 1752 621 1816; x_wconf 84' lang='grc' dir='ltr'><strong><em>ἐνίων</em></strong></span> <span class='ocrx_word' id='word_1_127' title='bbox 632 1756 737 1833; x_wconf 80' lang='grc' dir='ltr'><strong><em>γραῦς</em></strong></span> <span class='ocrx_word' id='word_1_128' title='bbox 748 1749 959 1830; x_wconf 78' lang='grc' dir='ltr'><strong><em>παρεστώσας</em></strong></span> <span class='ocrx_word' id='word_1_129' title='bbox 971 1747 1062 1832; x_wconf 84' lang='grc' dir='ltr'><strong><em>ὁριόν</em></strong></span> 
     </span>
     <span class='ocr_line' id='line_1_17' title="bbox 107 1840 1062 1933; baseline -0.003 -18"><span class='ocrx_word' id='word_1_130' title='bbox 107 1840 205 1925; x_wconf 85' lang='grc' dir='ltr'><strong><em>οὗτος</em></strong></span> <span class='ocrx_word' id='word_1_131' title='bbox 215 1844 312 1933; x_wconf 79' lang='grc' dir='ltr'><strong><em>ἠλέει.</em></strong></span> <span class='ocrx_word' id='word_1_132' title='bbox 346 1845 415 1914; x_wconf 81' lang='grc' dir='ltr'><strong><em>εἶτα</em></strong></span> <span class='ocrx_word' id='word_1_133' title='bbox 425 1850 478 1915; x_wconf 81' lang='grc' dir='ltr'><strong><em>σοί</em></strong></span> <span class='ocrx_word' id='word_1_134' title='bbox 488 1847 684 1932; x_wconf 76' lang='grc' dir='ltr'><strong><em>σνγγνοόμης</em></strong></span> <span class='ocrx_word' id='word_1_135' title='bbox 696 1841 837 1932; x_wconf 75' lang='grc' dir='ltr'><strong><em>πόδενῆ</em></strong></span> <span class='ocrx_word' id='word_1_136' title='bbox 849 1845 938 1932; x_wconf 79' lang='grc' dir='ltr'><strong><em>παρά</em></strong></span> <span class='ocrx_word' id='word_1_137' title='bbox 950 1842 1062 1933; x_wconf 73' lang='grc' dir='ltr'><strong><em>τοῦςῆ</em></strong></span> 
     </span>
     <span class='ocr_line' id='line_1_18' title="bbox 106 1942 1062 2030; baseline -0.003 -15"><span class='ocrx_word' id='word_1_138' title='bbox 106 1962 175 2026; x_wconf 78' lang='grc' dir='ltr'><strong><em>τοῖς</em></strong></span> <span class='ocrx_word' id='word_1_139' title='bbox 186 1962 255 2026; x_wconf 80' lang='grc' dir='ltr'><strong><em>σοῖς</em></strong></span> <span class='ocrx_word' id='word_1_140' title='bbox 267 1952 408 2026; x_wconf 76' lang='grc' dir='ltr'><strong><em>παιδίοις</em></strong></span> <span class='ocrx_word' id='word_1_141' title='bbox 418 1951 523 2026; x_wconf 78' lang='grc' dir='ltr'><strong><em>ἒλεοςς</em></strong></span> <span class='ocrx_word' id='word_1_142' title='bbox 547 1952 674 2013; x_wconf 86' lang='grc' dir='ltr'><strong><em>πολλοῦ</em></strong></span> <span class='ocrx_word' id='word_1_143' title='bbox 684 1971 722 2030; x_wconf 90' lang='grc' dir='ltr'><strong><em>γε</em></strong></span> <span class='ocrx_word' id='word_1_144' title='bbox 732 1950 786 2013; x_wconf 80' lang='grc' dir='ltr'><strong><em>καί</em></strong></span> <span class='ocrx_word' id='word_1_145' title='bbox 797 1949 855 2013; x_wconf 78' lang='grc' dir='ltr'><strong><em>δεῖ.</em></strong></span> <span class='ocrx_word' id='word_1_146' title='bbox 888 1942 932 2012; x_wconf 80' lang='grc' dir='ltr'><strong><em>σὺ</em></strong></span> <span class='ocrx_word' id='word_1_147' title='bbox 944 1944 1004 2015; x_wconf 87' lang='grc' dir='ltr'><strong><em>τὸν</em></strong></span> <span class='ocrx_word' id='word_1_148' title='bbox 1016 1951 1062 2023; x_wconf 87' lang='grc' dir='ltr'><strong><em>είς</em></strong></span> 
     </span>
     <span class='ocr_line' id='line_1_19' title="bbox 106 2042 1058 2131; baseline -0.004 -18"><span class='ocrx_word' id='word_1_149' title='bbox 106 2055 210 2113; x_wconf 82' lang='grc' dir='ltr'><strong><em>ταῦτα</em></strong></span> <span class='ocrx_word' id='word_1_150' title='bbox 232 2051 326 2114; x_wconf 84' lang='grc' dir='ltr'><strong><em>έλεον</em></strong></span> <span class='ocrx_word' id='word_1_151' title='bbox 347 2045 574 2131; x_wconf 87' lang='grc' dir='ltr'><strong><em>προδέδωκας,</em></strong></span> <span class='ocrx_word' id='word_1_152' title='bbox 600 2042 856 2129; x_wconf 77' lang='grc' dir='ltr'><strong><em>Ἀριστογεῖτον,</em></strong></span> <span class='ocrx_word' id='word_1_153' title='bbox 878 2051 1005 2130; x_wconf 84' lang='grc' dir='ltr'><strong><em>μάλλον</em></strong></span> <span class='ocrx_word' id='word_1_154' title='bbox 1026 2047 1058 2109; x_wconf 86' lang='grc' dir='ltr'><strong><em>δ’</em></strong></span> 
     </span>
     <span class='ocr_line' id='line_1_20' title="bbox 107 2138 1063 2232; baseline -0.005 -20"><span class='ocrx_word' id='word_1_155' title='bbox 107 2144 277 2232; x_wconf 76' lang='grc' dir='ltr'><strong><em>ἀνῄρηκας</em></strong></span> <span class='ocrx_word' id='word_1_156' title='bbox 290 2141 384 2220; x_wconf 85' lang='grc' dir='ltr'><strong><em>ὅλως.</em></strong></span> <span class='ocrx_word' id='word_1_157' title='bbox 411 2142 455 2227; x_wconf 85' lang='grc' dir='ltr'><strong><em>μη</em></strong></span> <span class='ocrx_word' id='word_1_158' title='bbox 467 2138 508 2226; x_wconf 78' lang='grc' dir='ltr'><strong><em>δὴ</em></strong></span> <span class='ocrx_word' id='word_1_159' title='bbox 521 2141 603 2227; x_wconf 84' lang='grc' dir='ltr'><strong><em>πρὸς</em></strong></span> <span class='ocrx_word' id='word_1_160' title='bbox 615 2139 673 2218; x_wconf 78' lang='grc' dir='ltr'><strong><em>οὓς</em></strong></span> <span class='ocrx_word' id='word_1_161' title='bbox 684 2139 785 2218; x_wconf 82' lang='grc' dir='ltr'><strong><em>αὐτὸς</em></strong></span> <span class='ocrx_word' id='word_1_162' title='bbox 796 2147 919 2226; x_wconf 77' lang='grc' dir='ltr'><strong><em>ἔχωσας</em></strong></span> <span class='ocrx_word' id='word_1_163' title='bbox 929 2142 1063 2227; x_wconf 83' lang='grc' dir='ltr'><strong><em>λιμένας</em></strong></span> 
     </span>
     <span class='ocr_line' id='line_1_21' title="bbox 107 2236 1061 2326; baseline -0.006 -17"><span class='ocrx_word' id='word_1_164' title='bbox 107 2247 161 2309; x_wconf 78' lang='grc' dir='ltr'><strong><em>καί</em></strong></span> <span class='ocrx_word' id='word_1_165' title='bbox 173 2240 351 2326; x_wconf 83' lang='grc' dir='ltr'><strong><em>προβόλων</em></strong></span> <span class='ocrx_word' id='word_1_166' title='bbox 362 2240 559 2323; x_wconf 80' lang='grc' dir='ltr'><strong><em>ἐνέπλησας,</em></strong></span> <span class='ocrx_word' id='word_1_167' title='bbox 581 2236 664 2319; x_wconf 82' lang='grc' dir='ltr'><strong><em>πρὸς</em></strong></span> <span class='ocrx_word' id='word_1_168' title='bbox 675 2239 814 2316; x_wconf 83' lang='grc' dir='ltr'><strong><em>τούτους</em></strong></span> <span class='ocrx_word' id='word_1_169' title='bbox 824 2243 1061 2324; x_wconf 82' lang='grc' dir='ltr'><strong><em>προσορμίζου·</em></strong></span> 
     </span>
     <span class='ocr_line' id='line_1_22' title="bbox 108 2336 375 2422; baseline -0.011 -18"><span class='ocrx_word' id='word_1_170' title='bbox 108 2336 225 2422; x_wconf 79' lang='grc' dir='ltr'><strong><em>οὐγὰρ</em></strong></span> <span class='ocrx_word' id='word_1_171' title='bbox 238 2341 375 2404; x_wconf 87' lang='grc' dir='ltr'><strong><em>δίκαιον.</em></strong></span> 
     </span>
    </p>

    <p class='ocr_par' dir='ltr' id='par_1_5' title="bbox 64 2429 1063 3307">
     <span class='ocr_line' id='line_1_23' title="bbox 64 2429 1062 2519; baseline -0.005 -13"><span class='ocrx_word' id='word_1_172' title='bbox 64 2453 99 2506; x_wconf 83' lang='grc'><strong><em>85</em></strong></span> <span class='ocrx_word' id='word_1_173' title='bbox 191 2440 235 2502; x_wconf 79' lang='lat' dir='ltr'><strong><em>Ec</em></strong></span> <span class='ocrx_word' id='word_1_174' title='bbox 248 2440 365 2501; x_wconf 90' lang='grc' dir='ltr'><strong><em>τοίνυν</em></strong></span> <span class='ocrx_word' id='word_1_175' title='bbox 381 2429 558 2499; x_wconf 84' lang='grc' dir='ltr'><strong><em>άκοόσαιτε</em></strong></span> <span class='ocrx_word' id='word_1_176' title='bbox 575 2435 631 2500; x_wconf 81' lang='grc' dir='ltr'><strong><em>καὶ</em></strong></span> <span class='ocrx_word' id='word_1_177' title='bbox 645 2431 702 2511; x_wconf 84' lang='grc' dir='ltr'><strong><em>τάς</em></strong></span> <span class='ocrx_word' id='word_1_178' title='bbox 712 2439 921 2519; x_wconf 83' lang='grc' dir='ltr'><strong><em>βλασφημίας</em></strong></span> <span class='ocrx_word' id='word_1_179' title='bbox 931 2431 970 2511; x_wconf 77' lang='grc' dir='ltr'><strong><em>ἃς</em></strong></span> <span class='ocrx_word' id='word_1_180' title='bbox 981 2435 1062 2501; x_wconf 81' lang='grc' dir='ltr'><strong><em>κατὰ</em></strong></span> 
     </span>
     <span class='ocr_line' id='line_1_24' title="bbox 107 2526 1063 2620; baseline -0.005 -18"><span class='ocrx_word' id='word_1_181' title='bbox 107 2533 170 2620; x_wconf 81' lang='grc' dir='ltr'><strong><em>την</em></strong></span> <span class='ocrx_word' id='word_1_182' title='bbox 182 2529 310 2619; x_wconf 81' lang='grc' dir='ltr'><strong><em>όγοράν</em></strong></span> <span class='ocrx_word' id='word_1_183' title='bbox 327 2528 466 2614; x_wconf 70' lang='grc' dir='ltr'><strong><em>περιιόν</em></strong></span> <span class='ocrx_word' id='word_1_184' title='bbox 475 2526 557 2597; x_wconf 75' lang='grc' dir='ltr'><strong><em>καθ’</em></strong></span> <span class='ocrx_word' id='word_1_185' title='bbox 569 2528 666 2617; x_wconf 76' lang='grc' dir='ltr'><strong><em>ὑμῶν</em></strong></span> <span class='ocrx_word' id='word_1_186' title='bbox 677 2537 805 2618; x_wconf 72' lang='grc' dir='ltr'><strong><em>ἔλεγεν,</em></strong></span> <span class='ocrx_word' id='word_1_187' title='bbox 824 2536 872 2598; x_wconf 84' lang='grc' dir='ltr'><strong><em>ἔτι</em></strong></span> <span class='ocrx_word' id='word_1_188' title='bbox 882 2538 1010 2616; x_wconf 79' lang='grc' dir='ltr'><strong><em>μᾶλλον</em></strong></span> <span class='ocrx_word' id='word_1_189' title='bbox 1020 2526 1063 2598; x_wconf 82' lang='grc' dir='ltr'><strong><em>άν</em></strong></span> 
     </span>
     <span class='ocr_line' id='line_1_25' title="bbox 108 2625 1063 2719; baseline -0.005 -19"><span class='ocrx_word' id='word_1_190' title='bbox 108 2631 211 2700; x_wconf 78' lang='grc' dir='ltr'><strong><em>αὐτὸν</em></strong></span> <span class='ocrx_word' id='word_1_191' title='bbox 221 2632 403 2719; x_wconf 82' lang='grc' dir='ltr'><strong><em>μισήσαιτε,</em></strong></span> <span class='ocrx_word' id='word_1_192' title='bbox 416 2631 472 2697; x_wconf 81' lang='grc' dir='ltr'><strong><em>καὶ</em></strong></span> <span class='ocrx_word' id='word_1_193' title='bbox 483 2633 624 2708; x_wconf 86' lang='grc' dir='ltr'><strong><em>δικαίως.</em></strong></span> <span class='ocrx_word' id='word_1_194' title='bbox 647 2632 728 2716; x_wconf 79' lang='grc' dir='ltr'><strong><em>φησὶ</em></strong></span> <span class='ocrx_word' id='word_1_195' title='bbox 738 2631 801 2716; x_wconf 83' lang='grc' dir='ltr'><strong><em>γάρ</em></strong></span> <span class='ocrx_word' id='word_1_196' title='bbox 813 2627 957 2705; x_wconf 78' lang='grc' dir='ltr'><strong><em>πολλοὺς</em></strong></span> <span class='ocrx_word' id='word_1_197' title='bbox 968 2625 1063 2713; x_wconf 87' lang='grc' dir='ltr'><strong><em>ὀφεί-</em></strong></span> 
     </span>
     <span class='ocr_line' id='line_1_26' title="bbox 107 2723 1062 2819; baseline -0.008 -20"><span class='ocrx_word' id='word_1_198' title='bbox 107 2741 178 2799; x_wconf 89' lang='grc' dir='ltr'><strong><em>λειν</em></strong></span> <span class='ocrx_word' id='word_1_199' title='bbox 195 2739 242 2817; x_wconf 74' lang='grc' dir='ltr'><strong><em>τῷ</em></strong></span> <span class='ocrx_word' id='word_1_200' title='bbox 258 2736 420 2819; x_wconf 80' lang='grc' dir='ltr'><strong><em>δημοσίῳ,</em></strong></span> <span class='ocrx_word' id='word_1_201' title='bbox 442 2727 582 2806; x_wconf 85' lang='grc' dir='ltr'><strong><em>τούτους</em></strong></span> <span class='ocrx_word' id='word_1_202' title='bbox 598 2725 629 2795; x_wconf 90' lang='grc' dir='ltr'><strong><em>δ’</em></strong></span> <span class='ocrx_word' id='word_1_203' title='bbox 647 2727 795 2806; x_wconf 79' lang='grc' dir='ltr'><strong><em>ἅπαντας</em></strong></span> <span class='ocrx_word' id='word_1_204' title='bbox 806 2726 942 2814; x_wconf 90' lang='grc' dir='ltr'><strong><em>ὁμοίους</em></strong></span> <span class='ocrx_word' id='word_1_205' title='bbox 952 2723 1062 2812; x_wconf 84' lang='grc' dir='ltr'><strong><em>ὑπάρ-</em></strong></span> 
     </span>
     <span class='ocr_line' id='line_1_27' title="bbox 108 2823 1062 2918; baseline -0.005 -22"><span class='ocrx_word' id='word_1_206' title='bbox 108 2856 177 2914; x_wconf 89' lang='grc' dir='ltr'><strong><em>χειν</em></strong></span> <span class='ocrx_word' id='word_1_207' title='bbox 194 2831 311 2918; x_wconf 74' lang='grc' dir='ltr'><strong><em>ἑαυτῷ.</em></strong></span> <span class='ocrx_word' id='word_1_208' title='bbox 345 2826 409 2913; x_wconf 76' lang='grc' dir='ltr'><strong><em>ἐγώ</em></strong></span> <span class='ocrx_word' id='word_1_209' title='bbox 429 2829 466 2896; x_wconf 78' lang='grc' dir='ltr'><strong><em>δέ</em></strong></span> <span class='ocrx_word' id='word_1_210' title='bbox 482 2827 627 2906; x_wconf 75' lang='grc' dir='ltr'><strong><em>πολλοὺς</em></strong></span> <span class='ocrx_word' id='word_1_211' title='bbox 642 2832 703 2913; x_wconf 82' lang='grc' dir='ltr'><strong><em>μὲν</em></strong></span> <span class='ocrx_word' id='word_1_212' title='bbox 715 2827 799 2896; x_wconf 79' lang='grc' dir='ltr'><strong><em>εἶναι</em></strong></span> <span class='ocrx_word' id='word_1_213' title='bbox 809 2826 888 2905; x_wconf 82' lang='grc' dir='ltr'><strong><em>τοὺς</em></strong></span> <span class='ocrx_word' id='word_1_214' title='bbox 898 2823 1062 2913; x_wconf 57' lang='grc' dir='ltr'><strong><em>ητυχηκόε</em></strong></span> 
     </span>
     <span class='ocr_line' id='line_1_28' title="bbox 108 2924 1061 3011; baseline -0.005 -19"><span class='ocrx_word' id='word_1_215' title='bbox 108 2953 180 3009; x_wconf 89' lang='grc' dir='ltr'><strong><em>τας,</em></strong></span> <span class='ocrx_word' id='word_1_216' title='bbox 204 2932 234 2994; x_wconf 87' lang='grc' dir='ltr'><strong><em>εί</em></strong></span> <span class='ocrx_word' id='word_1_217' title='bbox 242 2930 297 2994; x_wconf 83' lang='grc' dir='ltr'><strong><em>καὶ</em></strong></span> <span class='ocrx_word' id='word_1_218' title='bbox 308 2924 362 2994; x_wconf 89' lang='grc' dir='ltr'><strong><em>δύ’</em></strong></span> <span class='ocrx_word' id='word_1_219' title='bbox 377 2929 439 2994; x_wconf 80' lang='grc' dir='ltr'><strong><em>είσὶ</em></strong></span> <span class='ocrx_word' id='word_1_220' title='bbox 450 2925 564 3011; x_wconf 87' lang='grc' dir='ltr'><strong><em>μόνοι,</em></strong></span> <span class='ocrx_word' id='word_1_221' title='bbox 587 2935 768 3011; x_wconf 68' lang='grc' dir='ltr'><strong><em>συγχωρεῖ·1</em></strong></span> <span class='ocrx_word' id='word_1_222' title='bbox 787 2926 1061 3008; x_wconf 82' lang='grc' dir='ltr'><strong><em>παντὶγδρπλεί-</em></strong></span> 
     </span>
     <span class='ocr_line' id='line_1_29' title="bbox 109 3020 1062 3107; baseline -0.01 -14"><span class='ocrx_word' id='word_1_223' title='bbox 109 3052 169 3103; x_wconf 91' lang='grc' dir='ltr'><strong><em>ονς</em></strong></span> <span class='ocrx_word' id='word_1_224' title='bbox 186 3026 247 3092; x_wconf 79' lang='grc' dir='ltr'><strong><em>εἰσὶ</em></strong></span> <span class='ocrx_word' id='word_1_225' title='bbox 262 3032 324 3093; x_wconf 82' lang='grc' dir='ltr'><strong><em>τοῦ</em></strong></span> <span class='ocrx_word' id='word_1_226' title='bbox 341 3029 488 3107; x_wconf 90' lang='grc' dir='ltr'><strong><em>δέοντος,</em></strong></span> <span class='ocrx_word' id='word_1_227' title='bbox 512 3025 568 3091; x_wconf 81' lang='grc' dir='ltr'><strong><em>καὶ</em></strong></span> <span class='ocrx_word' id='word_1_228' title='bbox 579 3021 701 3092; x_wconf 79' lang='grc' dir='ltr'><strong><em>οὐδένα</em></strong></span> <span class='ocrx_word' id='word_1_229' title='bbox 712 3031 780 3090; x_wconf 79' lang='grc' dir='ltr'><strong><em>τῶν</em></strong></span> <span class='ocrx_word' id='word_1_230' title='bbox 792 3022 903 3089; x_wconf 82' lang='grc' dir='ltr'><strong><em>ἄλλων</em></strong></span> <span class='ocrx_word' id='word_1_231' title='bbox 914 3020 1062 3103; x_wconf 88' lang='grc' dir='ltr'><strong><em>ὀφείλειν</em></strong></span> 
     </span>
     <span class='ocr_line' id='line_1_30' title="bbox 109 3113 1062 3208; baseline -0.009 -18"><span class='ocrx_word' id='word_1_232' title='bbox 109 3129 182 3190; x_wconf 82' lang='grc' dir='ltr'><strong><em>ἔδει.</em></strong></span> <span class='ocrx_word' id='word_1_233' title='bbox 206 3119 248 3188; x_wconf 85' lang='grc' dir='ltr'><strong><em>οὐ</em></strong></span> <span class='ocrx_word' id='word_1_234' title='bbox 260 3126 371 3207; x_wconf 88' lang='grc' dir='ltr'><strong><em>μέντοι</em></strong></span> <span class='ocrx_word' id='word_1_235' title='bbox 381 3122 426 3208; x_wconf 84' lang='grc' dir='ltr'><strong><em>μά</em></strong></span> <span class='ocrx_word' id='word_1_236' title='bbox 437 3123 516 3200; x_wconf 83' lang='grc' dir='ltr'><strong><em>τούς</em></strong></span> <span class='ocrx_word' id='word_1_237' title='bbox 525 3122 628 3198; x_wconf 75' lang='grc' dir='ltr'><strong><em>θεοὺς</em></strong></span> <span class='ocrx_word' id='word_1_238' title='bbox 639 3120 744 3206; x_wconf 80' lang='grc' dir='ltr'><strong><em>τούτω</em></strong></span> <span class='ocrx_word' id='word_1_239' title='bbox 756 3118 785 3203; x_wconf 92' lang='grc' dir='ltr'><strong><em>γ’</em></strong></span> <span class='ocrx_word' id='word_1_240' title='bbox 797 3117 955 3200; x_wconf 83' lang='grc' dir='ltr'><strong><em>ὑπάρχειν</em></strong></span> <span class='ocrx_word' id='word_1_241' title='bbox 967 3113 1062 3200; x_wconf 78' lang='grc' dir='ltr'><strong><em>ὁμοί-</em></strong></span> 
     </span>
     <span class='ocr_line' id='line_1_31' title="bbox 110 3211 1062 3307; baseline -0.012 -19"><span class='ocrx_word' id='word_1_242' title='bbox 110 3247 169 3299; x_wconf 92' lang='grc' dir='ltr'><strong><em>ους</em></strong></span> <span class='ocrx_word' id='word_1_243' title='bbox 180 3220 270 3306; x_wconf 79' lang='grc' dir='ltr'><strong><em>οἶμαι</em></strong></span> <span class='ocrx_word' id='word_1_244' title='bbox 280 3221 435 3307; x_wconf 83' lang='grc' dir='ltr'><strong><em>τούτους,</em></strong></span> <span class='ocrx_word' id='word_1_245' title='bbox 453 3218 532 3288; x_wconf 76' lang='grc' dir='ltr'><strong><em>οὐδὲ</em></strong></span> <span class='ocrx_word' id='word_1_246' title='bbox 543 3226 671 3287; x_wconf 79' lang='grc' dir='ltr'><strong><em>πολλοῦ</em></strong></span> <span class='ocrx_word' id='word_1_247' title='bbox 682 3222 746 3301; x_wconf 80' lang='grc' dir='ltr'><strong><em>δεῖ,</em></strong></span> <span class='ocrx_word' id='word_1_248' title='bbox 758 3213 842 3283; x_wconf 82' lang='grc' dir='ltr'><strong><em>άλλά</em></strong></span> <span class='ocrx_word' id='word_1_249' title='bbox 853 3217 908 3281; x_wconf 81' lang='grc' dir='ltr'><strong><em>καί</em></strong></span> <span class='ocrx_word' id='word_1_250' title='bbox 918 3211 1062 3280; x_wconf 82' lang='grc' dir='ltr'><strong><em>τούναν-</em></strong></span> 
     </span>
    </p>

    <p class='ocr_par' dir='ltr' id='par_1_6' title="bbox 65 3305 1064 3504">
     <span class='ocr_line' id='line_1_32' title="bbox 65 3305 1063 3404; baseline -0.015 -12"><span class='ocrx_word' id='word_1_251' title='bbox 65 3328 190 3392; x_wconf 85' lang='grc' dir='ltr'><strong><em>86τίον.</em></strong></span> <span class='ocrx_word' id='word_1_252' title='bbox 225 3315 346 3385; x_wconf 81' lang='grc' dir='ltr'><strong><em>οὑτωσὶ</em></strong></span> <span class='ocrx_word' id='word_1_253' title='bbox 361 3324 397 3386; x_wconf 78' lang='grc' dir='ltr'><strong><em>δὲ</em></strong></span> <span class='ocrx_word' id='word_1_254' title='bbox 413 3325 594 3404; x_wconf 75' lang='grc' dir='ltr'><strong><em>λογίζεσθε.</em></strong></span> <span class='ocrx_word' id='word_1_255' title='bbox 628 3320 683 3385; x_wconf 83' lang='grc' dir='ltr'><strong><em>καὶ</em></strong></span> <span class='ocrx_word' id='word_1_256' title='bbox 699 3317 743 3402; x_wconf 83' lang='grc' dir='ltr'><strong><em>μή</em></strong></span> <span class='ocrx_word' id='word_1_257' title='bbox 755 3341 795 3401; x_wconf 93' lang='grc' dir='ltr'><strong><em>με</em></strong></span> <span class='ocrx_word' id='word_1_258' title='bbox 806 3312 1011 3398; x_wconf 80' lang='grc' dir='ltr'><strong><em>ὑπολάβητε,</em></strong></span> <span class='ocrx_word' id='word_1_259' title='bbox 1036 3305 1063 3378; x_wconf 75' lang='grc' dir='ltr'><strong><em>τά</em></strong></span> 
     </span>
     <span class='ocr_line' id='line_1_33' title="bbox 109 3410 1064 3504; baseline -0.015 -16"><span class='ocrx_word' id='word_1_260' title='bbox 109 3421 229 3503; x_wconf 76' lang='grc' dir='ltr'><strong><em>ἄνδρες</em></strong></span> <span class='ocrx_word' id='word_1_261' title='bbox 244 3414 428 3503; x_wconf 76' lang='grc' dir='ltr'><strong><em>Ἀθηναῖοι,</em></strong></span> <span class='ocrx_word' id='word_1_262' title='bbox 451 3415 496 3497; x_wconf 73' lang='grc' dir='ltr'><strong><em>ὥς</em></strong></span> <span class='ocrx_word' id='word_1_263' title='bbox 506 3414 590 3504; x_wconf 84' lang='grc' dir='ltr'><strong><em>πρὸς</em></strong></span> <span class='ocrx_word' id='word_1_264' title='bbox 600 3414 795 3502; x_wconf 87' lang='grc' dir='ltr'><strong><em>ὀφείλοντας</em></strong></span> <span class='ocrx_word' id='word_1_265' title='bbox 806 3410 893 3498; x_wconf 82' lang='grc' dir='ltr'><strong><em>ὑμᾶς</em></strong></span> <span class='ocrx_word' id='word_1_266' title='bbox 902 3417 949 3500; x_wconf 76' lang='grc' dir='ltr'><strong><em>τῷ</em></strong></span> <span class='ocrx_word' id='word_1_267' title='bbox 960 3413 1064 3495; x_wconf 70' lang='grc' dir='ltr'><strong><em>δημοι</em></strong></span> 
     </span>
    </p>
   </div>
   <div class='ocr_carea' id='block_1_3' title="bbox 0 0 1193 3854">
    <p class='ocr_par' dir='ltr' id='par_1_7' title="bbox 0 0 1193 3854">
     <span class='ocr_line' id='line_1_34' title="bbox 0 0 1193 3854; baseline 0 0"><span class='ocrx_word' id='word_1_268' title='bbox 0 0 1193 3854; x_wconf 95' lang='lat' dir='ltr'><strong><em> </em></strong></span> 
     </span>
    </p>
   </div>
  </div>
 </body>
</html>
