2370 3854
159 217 221 278 εον
349 218 469 274 xxxw.
508 188 926 273 ΔΗΜοΣοπ,ΝουΣ

160 376 221 464 μὲν
238 378 275 443 έν
293 381 339 462 τῷ
350 372 513 462 Βοσπόρῳ
529 375 773 455 κατελέλειπτο,
797 368 814 437 ό
832 369 1011 457 δέΛάμπις
1028 368 1114 443 ἀντι-

160 475 253 561 χθεὶς
263 472 469 560 ἐναυάγησεν
480 468 522 541 οὐ
532 470 664 557 μακρόν
674 467 739 538 ἀπό
750 477 813 538 τοῦ
822 472 996 554 ἐμπορίου·
1017 497 1116 558 γεγε-

161 577 318 661 μισμένης
327 570 391 657 γὰρ
401 570 464 658 ἤδη
475 578 533 656 τῆς
542 566 641 654 νεώς,
654 564 698 646 ώς
708 564 890 653 ἀκούομεν,
913 575 1042 651 μᾶλλον
1052 576 1116 638 τοῦ

162 674 310 755 δέοντος,
322 672 570 755 προσανέλαβεν
579 667 630 734 ἐπὶ
638 666 675 734 τό
688 666 907 753 κατάστρωμα
914 672 1018 752 χιλίας
1028 667 1115 754 βόρ-

162 789 239 853 σας,
262 766 346 836 ὅθεν
364 770 418 834 καί
435 765 456 853 ἡ
475 762 646 850 διαφθορὰ
662 772 703 852 τῇ
714 768 769 852 νηὶ
780 769 913 853 συνέβη.
946 762 1116 845 καὶαάτὸς

161 868 222 954 μέν
243 865 402 950 ἀπεσώθη
424 868 461 932 ἐν
481 872 528 953 τῷ
543 866 653 951 λέμβῳ
671 860 752 948 μετὰ
768 870 836 931 τών
856 862 968 931 ἀλλων
984 868 1115 932 παίδων

162 973 230 1032 τών
240 970 387 1048 Δίωνος,
409 960 560 1028 ἀπώλεσε
577 961 612 1029 δέ
628 963 729 1029 πλέον
744 956 767 1047 ἢ
782 962 961 1046 τριάιιουτα
978 962 1115 1047 σώματα

163 1057 471 1147 χωρίςτώνάλλων.
504 1066 632 1127 πολλοῦ
642 1058 678 1126 δέ
688 1061 941 1149 πένθουςέυτῷ
949 1060 1115 1151 Βοσπόρῳ

164 1160 260 1238 ὄντος
265 1210 274 1243 ,
298 1155 341 1237 ώς
352 1156 518 1226 ἐπύθοντο
529 1157 590 1246 την
602 1155 795 1244 διαφθορὰν
805 1165 863 1243 τῆς
879 1156 979 1244 νεώς,
995 1155 1116 1243 ηὐδαι-

163 1259 298 1345 μόνιζον
315 1253 374 1324 τόν
387 1264 566 1342 Φορμίωνα
583 1258 704 1336 πάντες
719 1260 851 1326 τουτονὶ
868 1255 920 1324 ὅτι
936 1256 1013 1324 οὔτε
1030 1274 1115 1323 συν-

164 1356 293 1444 ανήχθη
308 1352 374 1424 οὔτ’
387 1358 520 1424 ἐνέθετο
536 1361 581 1435 είς
591 1354 653 1442 τὴν
663 1361 751 1423 ναῦν
762 1352 870 1423 οὐδέν.
892 1356 1066 1441 συνέβαινε
1079 1357 1116 1424 δὲ

163 1455 252 1544 παρό
275 1481 312 1523 τε
326 1461 396 1522 τών
412 1453 522 1523 ἀλλων
538 1457 593 1522 καί
610 1453 699 1538 παρὰ
715 1454 838 1522 τούτου
854 1451 872 1522 ό
890 1451 991 1534 αὐτὸς
1005 1455 1115 1539 λόγος.

162 1562 221 1624 ιιαί
229 1582 286 1641 μοι
296 1551 471 1640 ἀνάγνωθι
483 1552 603 1632 ταύτας
613 1551 671 1633 τὰς
680 1559 869 1639 μαρτυρίας.

510 1690 769 1751 MAM'I’PIAI.

124 1815 155 1871 ll
248 1794 358 1876 Αὐτὸς
367 1796 429 1884 μέν
439 1804 555 1866 τοίνυν
566 1794 583 1865 ὁ
596 1797 742 1884 Λάμπις,
755 1790 783 1887 μ’
795 1815 898 1885 φησιν
908 1793 1117 1865 ἀποδεδωκέ-

165 1923 220 1964 ναι
230 1893 266 1962 τό
278 1903 415 1980 χρυσίον
426 1896 546 1985 (τούτῳ
557 1893 622 1980 γόρ
633 1898 807 1983 προσέχετε
818 1895 877 1963 τόν
888 1903 1000 1981 νοῦν),
1011 1915 1118 1978 προσ-

166 1992 327 2070 ελθόντος
345 1989 436 2082 αὐτῷ
454 1995 537 2077 ἐμοῦ
543 2043 554 2078 ,
576 1992 685 2079 ἐπειδὴ
702 1992 837 2079 τάγιστα
847 1996 1069 2063 κατέπλευσεν
1080 1998 1117 2063 έκ

164 2098 222 2177 τῆς
238 2097 399 2176 ναυαγίας
408 2089 584 2178 Ἀθήναζε,
605 2094 660 2160 καὶ
676 2094 865 2178 ἐρωτῶντος
880 2091 964 2177 ὑπὲρ
975 2092 1115 2177 τούτων,

164 2194 276 2277 ἔλεγεν
287 2189 338 2258 ότι
349 2188 427 2259 οὕτε
436 2191 477 2259 τὰ
487 2190 636 2279 χρήματα
647 2197 780 2260 ἔνθοιτο
792 2198 838 2270 εἰς
847 2189 909 2278 τὴν
920 2199 1008 2258 ναῦν
1018 2182 1117 2269 οὗτος

163 2288 248 2358 ιιατοὶ
268 2289 330 2377 τὴν
352 2290 568 2378 συγγραφὴν,
590 2289 668 2359 οὕτε
689 2289 726 2359 τό
748 2298 887 2378 χρυσίον
908 2289 1051 2378 εἰληφώς
1067 2298 1118 2375 εἴη

165 2388 245 2473 παρ’
264 2388 371 2458 αὐτοῦ
386 2393 424 2459 ἐν
433 2391 596 2481 Βοσπόρῳ
607 2389 690 2458 τότε.
725 2397 784 2459 καί
796 2416 852 2477 μοι
868 2385 1043 2474 ἀνάγνωθι
1057 2385 1119 2475 τὴν

166 2495 350 2575 μαρτυρίαν
360 2496 428 2556 τών
442 2494 731 2576 παραγενομένων.

519 2624 759 2687 MAPTPPIA.

124 2757 158 2811 12
247 2729 375 2818 Ἐπειδὴ
392 2739 525 2818 τοίνυν,
549 2725 714 2816 ώάνδρες
728 2731 914 2818 Ἀθηναῖοι,
936 2727 1120 2817 ἐπεδήμησε

168 2836 325 2914 Φορμίων
336 2826 451 2897 οὑτοσί
462 2833 669 2915 σεσωσμένος
680 2827 736 2914 ἐφ’
747 2832 858 2912 ἑτέρας
870 2827 969 2915 νεώς,
992 2826 1121 2916 προσῄ-

166 2953 217 2996 ειν
228 2922 320 3015 αότῷ
329 2923 479 3005 ἀπαιτῶν
488 2924 526 2994 τό
539 2927 682 2995 δόνειον.
718 2930 773 2996 καὶ
784 2921 882 3007 οὗτος
892 2928 976 2996 ιιατά
986 2928 1048 3013 μέν
1058 2923 1121 3010 ἀρ-

165 3023 225 3113 γάς
234 3021 455 3112 οὐδεπώποτ’,
478 3018 506 3093 ώ
523 3024 641 3111 ἀνδρες
650 3023 836 3114 Ἀθηναῖοι,
860 3026 929 3094 εἶπε
945 3023 1121 3111 τὸνλόγον

164 3132 287 3195 τοῦτον
303 3121 345 3192 όν
361 3126 438 3193 νυνὶ
454 3127 559 3212 λέγει,
581 3123 655 3195 ἀλλ’
674 3125 725 3195 ἀεὶ
742 3124 906 3212 ώμολόγει
916 3123 1118 3194 ἀποδώσειν·

165 3227 235 3293 ἐπεὶ
246 3222 278 3290 δ’
290 3221 534 3293 ἀνεκοινώσατο
545 3230 863 3311 τοίςνῦνπαροῦσιυ
873 3220 964 3312 αὐτῷ
973 3224 1029 3296 καὶ
1038 3243 1122 3291 συν-

126 3325 333 3409 13διιιοῦσιν,
351 3325 461 3410 ἔτερος
472 3323 535 3411 ἤδη
546 3317 590 3413 ἦν
600 3326 655 3392 καὶ
666 3321 727 3409 οὐχ
737 3320 755 3391 ὁ
766 3320 875 3405 αὐτός.
910 3318 955 3400 ώς
967 3317 998 3387 δ’
1011 3317 1122 3408 η’σθό-

47 3503 50 3507 .
160 3443 233 3502 νην
248 3419 353 3490 αὐτόν
372 3423 636 3509 διακρουόμενόν
652 3448 709 3509 με,
733 3425 955 3510 προσέρχομαι
965 3425 1013 3509 τῷ
1024 3418 1123 3506 Adp-
