2370 3854
313 227 454 286 ΠΡΟΣ
475 224 727 285 ΟΝΗΤΟΡΑ
745 225 786 282 Α.
963 221 1025 286 357

78 387 128 455 ὅτι
138 394 258 455 τοῦτον
269 382 330 452 τδν
340 385 476 470 τρόπον,
489 379 557 450 ἀλλ’
570 378 649 451 οὐδὲ
661 383 742 468 μετά
754 392 887 453 πολλῶν
898 383 1025 471 μαρνά-

79 512 148 566 ρων
164 482 344 561 ἀποδιδοὺς
363 489 432 568 είκῆ
449 508 498 559 τις
514 475 558 547 ἀν
575 483 781 567 ἐπίστευσεν,
810 480 851 550 ἵν’
865 492 897 549 εί
909 509 957 560 τις
972 487 1026 569 γί-

76 609 188 668 γνοιτο
209 579 369 667 διαφορά,
398 586 599 665 κομίσασθαι
626 583 747 668 ῥᾳδίως
774 580 849 666 παρ’
861 579 941 668 ὑμῖν
964 581 1026 648 δυ’-

34 713 65 764 21
77 708 181 768 υηται.
214 681 258 766 μη
280 677 345 765 γάρ
364 677 415 746 ὅτι
432 675 515 763 πρός
531 685 651 746 τοῦτον
670 686 822 746 τοιοῦτον
834 678 931 762 ὄντα,
956 677 1024 745 ἀλλ’

78 777 157 846 οὐδὲ
174 776 258 864 πρός
274 776 376 845 ἀλλον
394 773 469 845 οὐδ’
488 771 533 842 ἀν
550 771 596 853 εἷς
613 773 735 844 οὐδένα
752 785 882 844 τοιοῦτο
900 776 1025 843 συνάλ-

78 886 187 961 λαγμα
198 873 396 960 ποιούμενος
413 873 611 960 ἀμαρτύρως
621 869 665 941 ἀν
681 880 835 958 ἔπραξεν·
857 872 939 942 ἀλλά
957 881 1025 942 τῶν

77 973 238 1041 τοιούτων
255 975 352 1041 ἕνεκα
370 975 425 1042 καί
436 973 564 1059 γάμους
577 982 738 1058 ποιοῦμεν
755 976 810 1041 καὶ
827 972 906 1051 τοδς
923 972 1027 1056 ἀναγ-

79 1072 273 1150 καιοτάτους
302 1079 576 1156 παρακαλοῦμεν,
608 1070 658 1138 ότι
680 1071 721 1139 οῦ
751 1073 934 1158 πάρεργον,
957 1070 1025 1139 ἀλλ’

79 1172 237 1256 ἀδελφοῖν
247 1173 301 1238 καὶ
312 1174 510 1255 θυγατέρων
521 1175 615 1255 βίους
626 1173 856 1255 ἐγχειρίζομεν,
875 1168 959 1253 ὑπὲρ
979 1163 1027 1236 ὦν

34 1268 136 1348 νοτδις
150 1268 330 1354 ἀσφαλείας
346 1268 485 1354 μάλιστα
503 1274 703 1352 σκοποῦμεν.
738 1267 826 1345 εἰκὸς
842 1275 956 1335 τοίνυν
973 1270 1028 1334 καί
1136 1326 1138 1331 .

77 1375 213 1448 τοῦτον,
234 1358 344 1450 ὦνπερ
361 1369 513 1433 ἐναντίον
528 1362 675 1450 ὀφείλειν
693 1363 884 1450 ἀμολόγησε
899 1367 954 1432 καὶ
968 1365 1026 1430 τόν

80 1465 312 1546 τόκονοίσειν,
331 1472 399 1530 τῶν
416 1461 530 1531 αὐτῶν
540 1463 668 1531 τούτων
679 1461 855 1547 παρόντων
868 1463 1027 1529 διαλύσα-

79 1572 160 1628 σθαι
179 1560 260 1647 πρός
272 1561 438 1649 Ἄφοβον,
460 1572 552 1647 είπερ
570 1560 615 1639 ὡς
630 1559 765 1647 ἀληδῦς
788 1558 948 1628 ἀπεδίδου
966 1558 1088 1646 τηνεεο

79 1657 183 1741 προῖκ’
196 1656 295 1749 αὐτῷ.
319 1668 439 1728 τοῦτον
451 1662 512 1747 μὲν
528 1659 592 1745 γάρ
605 1659 664 1728 τόν
673 1661 799 1741 τρόπον
809 1660 934 1744 πράξας
945 1657 1027 1727 ὅλου

77 1764 138 1824 τοῦ
147 1756 337 1842 πράγματος
347 1755 580 1844 ἀπηλλάττετο,
587 1759 689 1845 μόνος
700 1759 792 1848 μόνφ
809 1757 1027 1835 δ’ἀποδιδοδς

77 1853 156 1933 τοῦς
167 1857 219 1922 ἐπὶ
229 1871 299 1934 ταίς
308 1851 494 1942 ὁμολογίαις
504 1861 793 1943 παραγενομένους
804 1853 848 1935 ὥς
859 1853 924 1923 κατ’
934 1853 1028 1939 ὀφεί-

36 1964 193 2034 ο3λοντσς
210 1949 254 2022 ἀν
271 1951 377 2022 αὑτοῦ
392 1955 562 2041 μάρτυρας
581 1953 784 2023 ὑπελείπετο.
823 1961 889 2022 νῦν
912 1960 1028 2021 τοίνυν

78 2050 156 2130 τούς
166 2053 227 2139 μὲν
243 2051 342 2133 ὄντας
354 2045 495 2132 οίκείους
511 2058 566 2121 καὶ
583 2061 732 2140 βελτίους
748 2051 861 2120 αὐτῶν
872 2050 933 2119 οῦκ
951 2051 1028 2117 έδῦ-

77 2175 178 2217 ναντο
197 2163 306 2217 πείσαι
322 2152 384 2235 την
403 2150 507 2232 προῖκ’
525 2149 771 2218 ἀποδεδωκέναι
792 2158 880 2234 σφοῖς
901 2174 1027 2233 μαρτυ-

79 2261 164 2331 ρεῖν,
188 2248 320 2329 ἑτέρους
338 2246 368 2313 δ’
383 2255 413 2314 εί
421 2251 613 2332 παρέχοιντο
631 2249 800 2332 μάρτυρας
817 2246 921 2332 μηδὲν
937 2249 1028 2330 γένει

79 2345 322 2429 προσήκοντας,
341 2342 403 2413 οῦκ
420 2341 465 2411 άυ
478 2343 615 2430 ἡγοῦνθ’
627 2343 714 2430 ὑμᾶς
726 2343 839 2425 αῦτοίς
850 2344 1026 2411 πιστεύειν.

79 2447 125 2506 ἔτι
147 2438 179 2506 δ’
197 2436 332 2525 ἁθρόαν
351 2441 412 2526 μὲν
435 2442 618 2528 φάσκοντες
640 2448 819 2512 δεδωκέναι
839 2441 901 2530 την
922 2443 1028 2529 προῖκ’

77 2538 202 2624 ᾔδεσαν
224 2537 275 2606 ὅτι
296 2537 375 2620 τούς
397 2539 639 2627 ἀπενεγκόντας
659 2545 786 2621 οἰκέτας
807 2541 1026 2629 ἐξαιτήσομεν,

78 2634 137 2715 οδς
154 2635 197 2723 μὴ
216 2640 435 2726 γεγενημένης
450 2648 507 2726 τῆς
530 2641 654 2720 δόσεως
677 2645 885 2724 παραδοῦναι
903 2638 947 2727 μη
967 2645 1028 2707 δέ·

79 2743 192 2811 λοντες
209 2734 374 2821 ἠλέγχοντ’
392 2735 451 2805 άν·
479 2744 509 2806 εί
525 2737 555 2805 δ’
574 2738 668 2808 αὐτοὶ
684 2739 782 2824 μόνον
798 2740 890 2830 μόνῳ
909 2748 1028 2806 τοῦτον

78 2828 140 2896 τόν
148 2832 274 2914 τρόπον
287 2832 533 2903 ἀποδεδωκέναι
544 2840 682 2923 λέγοιεν,
694 2839 846 2925 ἐνόμιζον
858 2838 921 2908 οῦκ
936 2843 1029 2924 ἐλεγ-

36 2926 273 3012 ηςχδήσεσδαι.
319 2930 372 2998 διά
398 2940 497 3002 τοῦτο
524 2942 644 3003 τοῦτον
672 2941 798 3005 εἵλοντο
827 2941 859 3016 ἐξ
883 2935 1030 3022 ἀνάγκης

79 3024 265 3105 ψεύδεσθαι
274 3029 335 3095 τόν
345 3031 479 3115 τρόπον.
502 3033 669 3111 τοιαύταις
678 3039 803 3119 τέχναις
813 3036 868 3103 καὶ
880 3057 1031 3114 πανουρ-

80 3129 174 3209 γίαις,
187 3120 232 3202 ὡς
246 3122 442 3208 ἁπλολτιυὲς
453 3128 538 3197 είυαι
548 3130 718 3213 δόξοντες,
736 3128 897 3216 ἡγοῦνται
909 3133 1031 3218 ῥᾳδίως

81 3220 168 3306 ὑμῦς
184 3223 415 3310 ἐξαπατήσειν,
438 3225 552 3305 ἀπλιῦς
568 3219 644 3295 οὐδ’
664 3223 709 3294 ἀν
724 3228 845 3313 μικρόν
861 3224 945 3315 ὑπὲρ
962 3233 1031 3294 τῶν

82 3320 325 3406 διαφερόντων,
346 3321 415 3391 ἀλλ’
427 3322 472 3402 ἀς
482 3321 555 3393 οίόν
565 3351 600 3392 τε
612 3323 827 3410 ἀκριβέστατα
840 3324 1031 3408 πράξαντες.
