2370 3854
181 180 244 244 ³20
380 182 488 242 xxvn.
516 175 930 239 ΔΗΜΟΣΘΕΝΟῬΣ

181 345 336 429 ριππίδης
355 344 489 427 ἔλαβεν,
514 335 556 405 οῦ
576 341 838 423 προσγραφῆναί
853 356 974 423 φησιν,
995 334 1139 409 mmcd

180 447 311 526 πλῆθος
329 446 388 526 τῆς
410 433 526 517 οὐσίας
540 433 578 505 τὰ
597 433 842 520 καταλειφθὲν,
864 431 944 503 οῦδὲ
959 431 1022 505 τδν
1038 431 1141 505 νίκαν

181 535 528 624 ὅπωςμισθῶσουσιν·
550 532 667 620 οῦγάρ
680 530 772 624 αῦτῷ
789 535 1139 623 συμφέρειπροσορο-

180 645 442 726 λογῆσαιταῦτα.
466 630 1005 722 λαβδδὴτὴυτοῦτουάπόκρισιν.

532 807 773 869 ΜΑΡΤΤΡΙΑ.
1143 812 1179 871 fl

137 968 171 1023 43
266 935 377 1019 Οῦτος
389 932 434 1008 αῦ
452 935 517 1024 τὴν
534 938 596 1023 μὲν
617 936 785 1024 διαθήκην
795 941 958 1024 γενέσθαι
978 938 1062 1024 φησί
1078 939 1137 1007 καί

180 1039 217 1109 τὰ
229 1039 393 1125 άργῦριον
402 1041 440 1106 ἐκ
451 1043 512 1105 τοῦ
523 1043 649 1122 χαλκοῦ
659 1037 715 1104 καὶ
731 1042 791 1123 τῆς
806 1040 942 1123 κηκίδος
957 1032 1136 1124 άποδσθῆ-

179 1165 235 1208 ναι
244 1146 293 1228 τῷ
305 1139 512 1225 Θηριππίδῃ,
536 1130 558 1203 δ’
567 1137 692 1214 ἐκεῖνος
704 1131 748 1203 οῦ
754 1156 855 1221 φησι,
876 1137 934 1204 καὶ
947 1132 988 1204 τά
1000 1132 1063 1203 δύο
1074 1132 1136 1203 τά·

178 1245 283 1305 λαντα
297 1244 344 1327 τῷ
354 1240 578 1323 Δημοφῶντι·
611 1233 687 1318 περὶ
705 1232 741 1302 δὲ
759 1241 827 1301 τῶν
844 1232 935 1325 αῦτῷ
959 1235 1135 1303 δοθέντων

178 1342 349 1422 γραφῆναι
360 1335 423 1420 μέν
434 1351 553 1419 φησιν,
565 1329 626 1419 οὐχ
637 1328 840 1420 ὁμολογῆσαι
851 1330 884 1400 δ’
896 1329 1007 1419 αὐτὸς,
1019 1334 1077 1401 ἵνα
1086 1328 1132 1418 μη

180 1439 262 1521 δοκῇ
272 1439 397 1520 λαβεῖν.
419 1428 457 1500 τῦ
472 1434 508 1498 δὲ
519 1427 930 1517 πλῆθοςτῆςοῦσίαςοῦδ’
941 1422 1133 1510 οῦτοςάπο·

178 1538 290 1617 φαίνει
300 1529 465 1613 καθόλου,
478 1525 558 1597 οῦδὲ
567 1526 606 1597 το“
617 1537 767 1616 μισθοῦν
776 1526 839 1598 τὸν
849 1527 960 1597 οἶκον·
977 1525 1057 1597 οῦδδ
1066 1525 1133 1614 γάρ

137 1643 171 1698 44
181 1627 260 1698 οῦδὲ
277 1628 385 1718 τοῦτον
399 1629 565 1715 συμφέρει
580 1634 873 1715 προσομολογῆσαι
882 1634 996 1695 ταῦτα.
1028 1630 1134 1714 δῆλον

180 1735 296 1797 τοίνυν
306 1730 395 1796 ἐστὶν
407 1725 508 1797 οῦδὲν
516 1719 617 1815 ἧττον
624 1725 662 1796 τὸ
672 1733 803 1815 πλῆθος
811 1733 880 1795 τῶν
888 1726 1134 1809 καταλειφθίν·

179 1853 258 1913 των,
270 1834 389 1910 καίπερ
401 1825 636 1913 α’φαυιζόυτων
645 1825 776 1896 τούτων
786 1823 850 1913 τὴν
860 1823 997 1913 οῦσίαυ,
1014 1826 1132 1893 ίιττῶυ

181 1930 371 2011 διαθηκῶν,
393 1928 428 2005 ἐξ
440 1918 490 1993 ῶν
500 1933 646 1993 τοσαῦτα
656 1927 806 2013 χρήματα
820 1925 974 2015 ἀλλήλοις
983 1925 1067 2011 φασδ
1077 1926 1134 1992 δο-

179 2030 294 2110 θῆναι.
314 2021 406 2104 ὅστις
424 2020 488 2108 γάρ
506 2027 542 2093 ἐκ
558 2022 725 2112 τεττάρων
741 2025 915 2094 ταλάντων
932 2025 988 2092 καὶ
1006 2041 1135 2109 τρισμψ

180 2128 262 2192 λίωυ
272 2137 341 2203 τοῖς
351 2123 412 2209 μὲν
423 2128 498 2209 τρία
508 2124 653 2192 τάλαντα
664 2127 720 2193 καί
731 2128 889 2211 δισχιλίας
898 2135 1017 2208 προῖκα
1024 2124 1135 2191 δίδω-

181 2248 235 2309 κε,
257 2229 305 2313 τῷ
323 2219 357 2290 δ’
376 2221 605 2310 ἑβδομήκοντα
623 2233 709 2311 μνᾶς
727 2231 959 2310 καρποῦσθαι,
980 2218 1135 2308 φανερὸν

181 2319 290 2407 δήπου
302 2328 404 2388 πᾶσιν
416 2320 469 2389 ὅτι
479 2318 542 2391 οῦκ
561 2320 625 2391 άπδ
637 2329 758 2410 μικράς
774 2322 906 2408 οῦσίας,
927 2318 1012 2389 ἀλλὰ
1029 2323 1135 2389 πλέον

138 2415 203 2504 4σῆ
220 2423 392 2497 διπλασίας
402 2412 443 2505 ἧς
461 2423 533 2507 ἐμοὶ
551 2424 703 2491 κατέλιπε
721 2419 975 2509 ταῦτ’άφείλευ.
1007 2415 1050 2486 οῦ
1066 2416 1133 2504 γῶρ

182 2516 291 2603 δήπου
306 2515 438 2603 τὸνμὲν
453 2518 532 2587 υίδν
549 2521 605 2606 ἐμὲ
615 2523 739 2607 πένητα
755 2520 912 2608 ἐβούλετο
928 2525 1133 2604 καταλιπεῖν,

182 2614 321 2694 τούτους
333 2615 368 2684 δὲ
384 2624 567 2697 πλουσίους
582 2617 684 2698 ὄντας
701 2623 749 2686 ἔτι
759 2618 1134 2704 πλουσιωτέρουςποιῇ-

181 2735 237 2781 σαι
247 2715 469 2802 ἐπεθύμησεν,
482 2713 550 2785 ἀλλ’
563 2717 660 2785 ἕνεκα
671 2723 733 2784 τοῦ
743 2717 897 2803 πλήθους
907 2722 976 2783 τῶν
986 2715 1059 2800 ἐμοὶ
1069 2740 1134 2783 κα·-

180 2817 426 2897 ταλειπομένωυ
447 2819 636 2903 Θηριππίδῃ
654 2840 689 2882 τε
707 2822 870 2884 τοσοῦτον
892 2812 1058 2899 ιἰργῦριον
1077 2812 1133 2880 καὶ

179 2917 387 2998 Δημοφῶντι
397 2909 437 2978 τά
449 2911 511 2981 δύο
523 2913 682 3000 τάλαντα,
702 2911 796 2981 οῦπω
813 2917 965 3001 μέλλοντι
979 2918 1023 2998 τῇ
1033 2907 1133 2979 άδελ-

180 3017 230 3099 φῇ
240 3018 281 3099 τῇ
291 3014 352 3101 ἐμῇ
364 3012 595 3100 συνοικήσειν,
607 3019 821 3099 καρποῦσθαι
839 3017 963 3080 ἔδωκεν
969 3061 979 3095 ,
996 3013 1053 3077 ἵνα
1070 3012 1134 3076 δυ-

180 3125 233 3179 ολυ
245 3110 393 3199 θάτερον
404 3113 635 3201 διαπράξαιτο,
658 3108 746 3199 ἦδιδι
757 3111 797 3179 τά
815 3109 973 3197 διδόμενα
983 3112 1134 3194 βελτίους

181 3207 304 3289 αῦτοῦς
321 3209 405 3279 εἶναι
421 3207 462 3279 τά
480 3215 556 3300 περὶ
572 3209 635 3299 την
651 3207 835 3300 ἐπιτροπὴν
856 3209 1088 3295 κροτρίῦειεν,
1109 3199 1134 3290 ἦ

180 3311 211 3372 εί
224 3309 322 3376 κακοὶ
336 3312 522 3397 γίγνοιντο,
545 3314 705 3398 μηδεμιᾶς
721 3307 920 3397 συγγυῶμης
939 3301 1015 3389 παρ’
1032 3301 1134 3391 ὑμῶν

179 3405 393 3491 τυγχάνοιεν,
418 3411 448 3475 εί
461 3408 631 3477 τοσούτων
643 3407 839 3488 ἀξιωθέντες
848 3398 976 3473 τοιαῦτ’
989 3407 1036 3481 είς
1045 3398 1175 3489 ἡμῦςθδ
