2370 3854
124 231 184 295 130
338 234 421 289 xxll.
449 227 872 289 ΔΗΜΟΣΘΕΝΟΥΣ

125 420 173 477 ας,
186 395 241 460 καί
252 389 320 482 όσρι
332 393 408 475 περὶ
418 388 540 457 τούτου
551 394 678 475 μάλλον
684 388 886 471 ἐσπούδαζεν
895 384 919 478 ἢ
929 391 1005 481 περὶ
1016 399 1079 461 τού

101 494 114 531 ’·
124 490 315 577 πράγματος
325 481 486 575 οδτνδείη
496 484 557 556 τόν
568 488 683 574 νόμον.
715 490 927 575 πολλαχόθεν
939 493 1003 579 μέν
1014 483 1078 559 οὖν

125 589 168 657 ἄν
179 617 228 668 τις
239 593 305 659 ίδοι
316 596 425 675 τούτο,
439 585 502 674 οὐχ
512 584 630 674 ἥκιστα
646 583 677 654 δ’
691 589 727 655 ἐκ
744 588 868 656 τούτου
883 595 945 657 τοῦ
956 589 1077 678 νόμου,

124 689 204 777 μήτε
226 692 335 774 λέγειν
356 687 437 774 μήτε
457 687 601 773 γράφειν
622 689 742 766 ἐξεῖναι
763 700 832 767 τοῖς
852 685 1078 776 ἡταιρηκόσιν.

124 789 211 872 ἑάρα
221 787 286 875 γάρ
298 791 415 873 ἐκεῖνο,
428 785 491 854 Ιότι
500 799 568 865 τοῖς
578 793 711 864 πολλοῖς
721 782 819 871 ὑμῶν
829 784 904 867 ἐξόν
915 790 1027 873 λέγειυ
1037 786 1078 856 ού

126 891 253 973 λέγετε,
277 882 363 953 ὥστε
373 882 467 952 τοῦτ’
487 883 589 954 οὐδὲν
601 885 712 971 ἡγεῖτο
727 883 832 973 βαρύ,
862 888 917 954 καὶ
928 884 1022 955 πόλλ’
1035 882 1079 955 άν

126 984 227 1069 εἶχεν,
250 992 282 1050 εί
295 1007 333 1068 γε
352 982 501 1063 κολάζειν
519 983 675 1069 ἐβούλετο
691 983 848 1070 τούτους,
865 984 1078 1071 χαλεπάτερα

81 1100 113 1153 31
125 1093 247 1150 θεῖναι.
282 1077 352 1148 ἀλλ’
365 1078 407 1149 ού
419 1078 512 1148 τοῦτ’
526 1081 750 1167 ἐσπούδασεν,
767 1079 852 1150 άλλά
863 1090 969 1153 ταῦτα
981 1081 1079 1153 άπεῖ-

125 1206 188 1249 πεν
199 1177 284 1264 ὑπὲρ
296 1176 393 1266 ύμῶν
404 1183 459 1248 καὶ
471 1189 530 1267 τῆς
545 1188 718 1260 πολιτείας.
748 1178 822 1271 ᾔδει
832 1178 913 1269 γάρ,
925 1180 1079 1271 ᾔδειτοῖς

125 1285 266 1366 αἰσχρῶς
276 1280 475 1367 βεβιωκόσιν
486 1278 626 1348 άπασοὶν
644 1273 752 1348 οὖσαν
762 1278 1004 1368 ἐναντιωτάτην
1014 1300 1115 1359 τεο-σο

123 1385 247 1448 λιτείαν
266 1371 338 1469 ἐνῇ
348 1386 451 1447 πᾶσιν
458 1383 561 1458 ἔξεστι
570 1382 680 1464 λέγειν
689 1374 852 1447 κάκείνων
863 1375 985 1466 ὀνείδη.
1008 1384 1079 1449 ἐστι

125 1478 155 1546 δ’
177 1477 261 1566 αύτη
280 1485 343 1559 τίςς
367 1483 577 1565 δημοκρατία.
613 1476 740 1544 ούκουν
756 1476 904 1563 ἐνόμιζεν
919 1474 1078 1563 άσφαλές,

125 1590 245 1648 εἴποτε
256 1578 460 1664 συμβήσεται
472 1579 632 1663 γενέσθαι
643 1575 787 1663 συχνούς
799 1576 1005 1664 ἀνθρώπους
1014 1604 1078 1647 κα-

124 1677 163 1746 τά
181 1676 260 1756 τούς
277 1675 401 1756 αύτούς
416 1674 559 1765 χρόνους
576 1682 680 1745 εἰπεῖν
696 1677 757 1763 μὲν
774 1674 906 1756 δεινούς
920 1678 977 1745 καὶ
987 1685 1078 1763 δρα-

80 1801 115 1856 32
125 1792 201 1863 σεῖς,
213 1776 375 1847 τοιούτων
387 1774 418 1844 δ’
432 1775 574 1845 ὀνειδιεῖν
591 1778 648 1845 καλ
663 1783 779 1845 κακῶν
795 1775 951 1862 μεστούς·
969 1774 1077 1845 πολλὰ

125 1875 190 1962 γάρ
203 1872 247 1944 άν
258 1874 319 1944 τδν
337 1880 444 1963 δῆμον
461 1873 520 1943 ὑπ’
534 1873 647 1944 αὐτῶν
665 1873 857 1962 ὑπαχθέντα
873 1878 1077 1963 ἐξαμαρτεῖν,

125 1970 300 2052 κάκείνους
310 1972 384 2060 ἤτοι
395 1981 582 2043 καταλῦσαί
587 1972 616 2060 γ’
624 1971 667 2043 άν
677 1982 858 2062 πειρᾶσθαι
867 1975 905 2043 τό
917 1974 1079 2062 παράπαν

123 2070 185 2140 τόν
202 2077 309 2160 δῆμον
328 2075 380 2157 (ἐν
395 2071 460 2160 γάρ
471 2088 542 2153 ταῖς
553 2072 768 2162 ὀλιγαρχίαις,
791 2072 868 2144 οόδ’
879 2071 923 2143 άυ
934 2066 1018 2144 ω’σιν
1029 2073 1074 2145 ἐτ’

121 2168 359 2256 Ἀνδροτίωνός
368 2197 455 2252 τινες
465 2181 594 2258 αίσχιον
601 2172 877 2261 βεβιωκότες,ούκ
888 2178 956 2243 ἔστι
966 2178 1078 2261 λέγειν

124 2275 235 2348 κακῶς
245 2266 325 2349 τούς
336 2266 513 2358 άρχοντας)
521 2267 544 2358 ἢ
553 2272 714 2359 προάγειν
721 2267 763 2340 άν
774 2269 818 2351 ὣς
828 2272 1079 2360 πονηροτάτους

124 2368 224 2455 είναι,
245 2366 285 2436 ἵν’
300 2365 346 2447 ὥς
362 2366 553 2454 ὁμοιότατοι
570 2378 686 2455 σφίσιν
703 2363 774 2438 όσι.
808 2368 871 2456 τὴν
886 2362 951 2440 οὖν
968 2369 1077 2463 ἀρχὴν

122 2482 190 2545 τοῖς
206 2469 368 2544 τοιούτοις
385 2465 502 2536 άπεῖπε
519 2467 563 2554 μὴ
579 2472 723 2553 μετέχειν
740 2475 802 2536 τού
820 2469 1075 2556 συμβουλεύειν,

121 2561 231 2651 ἵναμὴ
245 2563 489 2650 φενακισθεὶςὸ
502 2569 603 2651 δῆμος
614 2567 787 2653 ἐξαμάρτοι
798 2569 912 2654 μηδέν.
944 2594 994 2635 ιν
1004 2564 1077 2637 ὀλι-

121 2659 305 2748 γωρήσαςὸ
322 2663 423 2743 καλός
441 2661 592 2750 κάγαδδς
608 2657 706 2745 οὗτος
723 2664 764 2734 ού
780 2667 888 2753 μόνον
902 2666 984 2756 ᾤετο
1005 2672 1077 2737 δεῖν

122 2761 297 2844 λέγεινκαὶ
309 2760 454 2846 γράφειν
466 2761 528 2830 ούκ
540 2761 632 2851 ἐξόν,
655 2762 739 2832 άλλά
749 2765 805 2833 καί
816 2764 906 2850 παρὰ
923 2761 1004 2843 τούς
1013 2764 1077 2833 νό-

122 2881 205 2942 μους
215 2864 319 2925 ταῦτα
329 2873 444 2928 ποιεῖν.
1083 2874 1086 2879 ’

76 2974 112 3032 33
206 2960 289 3043 Περί
300 2957 362 3044 μὲν
371 2968 488 3028 τοίνυν
503 2969 566 3029 τού
582 2961 708 3049 νόμον,
732 2959 808 3030 καθ’
821 2959 863 3031 όν
881 2959 1079 3049 ὠφληκότος

120 3054 227 3124 αύτού
243 3063 305 3124 τού
320 3056 445 3141 πατρὸς
455 3066 503 3149 τῷ
514 3063 661 3148 δημοσίφ
672 3061 822 3147 χρήματα
837 3062 893 3130 καὶ
908 3058 971 3129 ούκ
981 3063 1076 3129 ἐκτε-

120 3155 249 3235 τικότος
266 3154 329 3225 ούκ
341 3161 444 3239 ἔξεστι
456 3160 564 3244 λε’γειν
582 3157 661 3227 ούδέ
675 3159 821 3246 γράφειν
830 3158 949 3247 τούτφ,
967 3166 1074 3228 ταύτα

121 3258 231 3322 δίκαια
243 3262 351 3343 λέγειν
363 3253 406 3325 άν
417 3263 520 3344 ἐχοιτε
532 3259 678 3344 είκότως,
697 3257 757 3327 ἐὰν
768 3266 820 3346 φῇ
831 3263 902 3327 δεῖν
911 3255 999 3345 ἡμᾶς
1009 3255 1076 3327 αύ-

120 3354 178 3418 τδν
190 3356 409 3423 ἐνδεικνύναι.
432 3357 506 3426 τότε
518 3356 582 3443 γάρ
593 3365 692 3426 τούτο
702 3359 896 3445 ποιήσομεν,
910 3357 952 3426 ού
959 3354 1074 3445 μάΔί

118 3447 192 3534 ούχδ
205 3456 286 3535 νύν,
303 3450 402 3539 ἡνίκα
414 3459 465 3522 δεῖ
480 3476 517 3522 σε
535 3454 657 3543 ἕτέρων
673 3448 723 3525 οἷν
740 3456 863 3536 ἀδικεῖς
880 3462 1000 3526 δούναι
1011 3457 1072 3526 λό-
