2370 3854
122 227 163 288 78
322 231 394 287 xxi.
437 227 857 291 ΔΗΜΟΣΘΕΝΟΤΣ

121 383 229 455 καὶ
191 412 255 507 την
270 382 503 474 ὑπερηφανίαν
520 383 636 454 αὐτοῦ.
668 393 726 473 τῆς
742 384 808 475 γάρ
820 392 854 455 δί
840 396 930 474 ίκης,
951 387 1078 477 ταύτης

120 476 238 572 λέγω
215 511 255 571 ης
266 481 409 553 ελλον’
367 483 487 569 αυτόν,
506 491 657 571 γίγνεταί
663 509 720 570 μοι
731 483 896 572 διαιτητὴς
908 486 1075 607 Στράτων

121 581 309 670 Φαληρεδς,
333 581 513 665 άνθρωπος
531 584 631 668 πένης
647 585 709 668 μέν
729 609 778 661 τις
798 581 895 652 καλ’
875 585 1074 703 απράγμων,

120 681 227 761 άλλως
246 679 276 748 δ’
296 678 338 748 οδ
355 678 518 767 πονηρός,
542 678 626 747 ἀλλά
645 683 699 747 καλ
710 680 800 747 πάνυ
810 681 964 767 χρηστός·
987 680 1074 770 ὅπερ

120 778 180 849 τόν
201 785 410 866 ταλαίπωρον
431 777 494 847 οὐκ
517 777 629 864 ὀρθοῖς
649 774 728 846 οὐδὲ
746 780 895 863 δικαίως,
918 776 1001 846 ἀλλὰ
1017 781 1076 848 καὶ

77 879 212 947 84πάνυ
238 883 381 964 αἰσχρῶς
405 875 624 945 ἀπολώλεκεν.
669 867 767 953 οὗτος
795 880 931 944 διαιτοῖν
950 874 1074 964 ημλνὸ

122 975 411 1061 Στράτων,έαιειδή
424 972 502 1043 ποθ’
512 970 594 1061 ἧκεν
604 972 624 1060 ἡ
635 979 744 1058 κυρία,
752 971 860 1042 πάντα
871 973 901 1042 δ’
913 976 976 1062 ἤδη
987 981 1076 1056 διεξ-

122 1071 279 1159 εληλύθει
290 1070 351 1140 τάκ
370 1080 439 1140 τοῖν
446 1072 570 1158 νόμων,
587 1069 774 1158 ὑπωμοσίαι
782 1075 837 1140 καὶ
846 1077 1073 1161 παραγραφαί,

121 1176 177 1240 καὶ
195 1169 294 1240 οὐδὲν
312 1169 359 1240 δι’
376 1163 419 1256 ἦν
437 1169 641 1255 ὑπόλοιπον,
662 1169 700 1238 τό
712 1173 774 1258 μὲν
784 1180 918 1258 πρῶτον
928 1175 1076 1257 ἐπισχεῖν

122 1271 226 1341 έδεῑτό
237 1297 304 1359 μου
312 1267 374 1358 την
385 1275 530 1355 δίαιταν,
547 1277 657 1340 ἔπειτα
669 1277 716 1348 είς
725 1269 787 1356 τὴν
797 1268 976 1357 ὑστεραίαν
988 1268 1075 1339 ἀνα-

120 1373 298 1457 βαλέσθαι·
318 1371 356 1441 τό
367 1378 556 1439 τελευταῖον
567 1368 610 1454 δ’,
634 1367 678 1449 ἀς
696 1367 770 1436 οὔτ’
782 1367 847 1455 έρω
858 1368 1074 1455 συνεχώρουν

122 1467 202 1537 οὔθ’
223 1462 321 1548 οὗτος
338 1467 485 1555 ἀπήντα,
508 1475 566 1552 τῆς
576 1466 609 1533 δ’
623 1466 712 1555 ὥρας
722 1463 862 1551 ἐγίγνετ’
875 1464 953 1550 ὀψὲ,
974 1493 1074 1534 κατε-

70 1577 111 1634 485
122 1566 284 1654 διῄτησεν.
317 1565 381 1651 ἤδη
399 1565 431 1633 δ’
451 1567 589 1650 ἑσπέρας
605 1564 707 1650 οὔσης
721 1566 778 1632 καὶ
796 1565 936 1643 σκότους
948 1570 1124 1651 έρχεταιςη

120 1670 263 1743 Μειδίας
285 1661 400 1732 οάτοσλ
422 1662 505 1748 πρὸς
525 1662 563 1730 τό
584 1670 653 1730 των
669 1660 840 1749 ἀρχόντων
859 1672 995 1749 οἴκημα,
1017 1666 1075 1732 καί

120 1763 365 1851 καταλαμβάνει
379 1762 458 1842 τοὺς
475 1761 637 1847 άρχοντας
652 1760 796 1841 ἐξιόντας
810 1764 865 1829 καὶ
881 1757 942 1829 τὸν
959 1762 1075 1848 Στρά-

120 1889 211 1930 τωνα
223 1860 353 1930 ἀπιόντ’
365 1860 446 1948 ἤδη,
464 1859 526 1947 τὴν
538 1866 661 1947 ἔρημον
672 1859 855 1945 δεδωκότα,
875 1856 920 1937 ἀς
929 1857 993 1942 ἐγω
1006 1868 1074 1927 των

120 1964 400 2046 παραγενομένων
410 1956 501 2038 τινός
512 1958 759 2045 ἐπυνθανόμην.
782 1961 820 2025 τό
832 1957 893 2044 μὲν
904 1950 968 2024 οὖν
980 1968 1074 2043 πρω-

120 2083 180 2126 τον
196 2055 267 2138 οἷός
281 2055 314 2126 τ’
325 2051 370 2144 ἦν
382 2064 514 2126 πείθειν
524 2054 628 2124 αὐτὸν
638 2054 681 2142 ἣν
696 2057 973 2145 κατεδεδιῃτήκει,
989 2056 1070 2122 ταόἈ

120 2182 182 2242 την
193 2153 497 2244 ἀποδεδιῃτημένην
506 2152 725 2242 ἀποφαίνειν,
747 2158 802 2224 καὶ
823 2155 1074 2241 τούςάρχοντας

120 2257 364 2343 μεταγράφειν,
383 2258 438 2325 καὶ
447 2256 654 2343 πεντήκοντα
664 2252 811 2341 δραχμάς
821 2253 934 2330 αὐτοῖς
944 2254 1070 2319 ἐδίδου·

78 2360 113 2416 86
123 2351 166 2433 ὡς
186 2352 216 2422 δ’
239 2358 474 2442 ἐδυσχέραινον
494 2347 588 2424 οὗτοι
602 2353 640 2422 τό
657 2361 791 2441 πρᾶγμα
807 2356 863 2422 καὶ
880 2353 1074 2435 οὐδετέρους

121 2458 272 2534 ἔπειθεν,
300 2452 480 2536 ἀπειλήσας
500 2455 555 2519 καλ
578 2455 841 2536 διαλοιδορηθεὶς
862 2447 1019 2517 άπελθοδν
1042 2455 1076 2514 τί

120 2563 223 2628 ποιεῖς
233 2550 289 2615 καὶ
299 2546 472 2616 θεάσασθε
484 2546 545 2633 τὴν
556 2547 769 2632 κακοήθειαν.
794 2545 855 2632 τὴν
869 2545 929 2630 μὲν
944 2550 1072 2610 δίαιταν

120 2643 306 2732 ἀντιλαχὼν
317 2643 380 2714 οὐκ
391 2644 532 2732 ἀμοσεν,
544 2641 619 2711 ἀλλ’
633 2653 721 2711 εἴασε
732 2639 808 2710 καθ’
821 2644 942 2708 ἑαυτοῦ
952 2646 1073 2725 κυρίαν

120 2749 295 2832 γενέσθαι,
329 2747 384 2812 καί
410 2741 581 2829 ἀνώμοτος
600 2738 788 2827 ἀπηνέχθη·
810 2736 1013 2860 βουλόμενος
1035 2738 1072 2806 δὲ

120 2868 158 2911 το
148 2842 291 2929 μέλλον
299 2850 426 2926 λαθεῖν,
436 2839 633 2927 φυλάξας
596 2866 658 2926 την
671 2843 861 2907 τελευταίαν
869 2833 1072 2922 ημέροιυτων

122 2934 1073 3055 διαιτων,[τηντουθαργηλιωυοςητοῦσκιροφοριωνοςγι-

120 3045 332 3129 μνομένην],ε
317 3024 1072 3160 είςῆνὸμδνηλθετωνδιαιτητρὸν,δδὀόκηλ·

120 3149 180 3225 θε,
198 3136 356 3219 πείσας
322 3166 383 3209 τον
393 3161 646 3225 πρυτανευουτα
658 3130 822 3201 δουναι
786 3159 848 3218 την
859 3138 974 3217 ψηφον
983 3151 1073 3212 παρα

78 3259 112 3315 87
120 3260 246 3316 παντας
257 3263 335 3318 τους
344 3261 479 3322 νομους,
487 3241 633 3319 κλητηρα
644 3227 739 3299 οὐδ’
723 3253 880 3303 οντινουν
889 3223 1075 3311 έπιηραψα

120 3362 229 3423 μενος,
240 3361 433 3423 κατηχορων
443 3339 576 3420 ἔρημον,
589 3328 726 3410 οόδενδς
737 3327 911 3416 παρόντος,
923 3323 1075 3412 ἐκβάλλει

120 3436 175 3503 καὶ
192 3431 370 3520 άτιμοίτδν
382 3433 567 3519 διαιτητήν·
590 3433 645 3499 καὶ
663 3455 729 3498 νυν
739 3425 785 3508 εις
802 3426 990 3512 Ἀθηναίων
996 3472 1007 3508 ,
1024 3418 1075 3489 ὅτι
