2370 3854
180 210 244 274 300
382 213 480 272 xxv1.
505 201 943 287 [ΛΗΜοῑοααουε]

180 373 236 439 καὶ
250 374 369 449 παῖδας
383 372 438 437 καὶ
453 382 629 455 γυναῖκας;
653 372 782 455 ἐφῖκται
795 368 879 455 γὰρ,
903 373 1032 457 ἐφῖκται
1044 375 1140 443 ποίν-

179 466 278 555 τωνὴ
291 469 412 536 τούτου
425 469 744 556 κακοπραγμοσύνη,
759 472 814 536 καλ
826 478 908 538 πᾶσι
919 480 1139 560 βουλομένοις

179 569 267 634 ἐστὶν
283 565 514 653 ἀπαλλαγῆναι
528 574 585 653 τῆς
596 565 718 635 τούτου
732 574 893 654 πονηρίας
904 574 959 638 καὶ
970 575 1067 657 δίκην
1079 574 1138 640 δε-

179 665 309 732 δωκότα
321 662 424 733 αύτόυ
436 669 570 732 ἐπιδεῖν.

608 944 707 1002 XXVI.

337 1101 457 1167 ΚΑΤΑ
483 1096 905 1166 ΑΡΙΣΊῸΓΕΙΤΟΝΟΣ
934 1098 973 1166 Β.

227 1270 309 1350 Ὅτι
319 1276 380 1362 μὲν
390 1281 506 1342 τοίνυν
515 1274 571 1342 καλ
582 1271 708 1359 ὀφείλει
721 1279 768 1360 τῶ
779 1276 925 1361 δημοσίφ
934 1268 1134 1360 Ἀριστογεί-

175 1401 244 1443 των
255 1371 368 1443 οὑτοσλ
380 1375 434 1442 καλ
444 1371 506 1440 οὐκ
518 1377 607 1440 ἔστιν
618 1374 763 1457 ἐπίτιμος
773 1373 828 1439 καὶ
840 1375 874 1439 ολ
883 1371 981 1456 νόμοι
992 1374 1134 1461 διαρρή-

176 1477 239 1559 δην
250 1471 519 1559 ἀπαγορεύουσιν
530 1472 567 1538 ἐν
582 1479 629 1557 τῶ
640 1469 735 1560 δήμω
755 1467 798 1556 μὴ
812 1472 930 1549 ἐξεῖναι
939 1473 1049 1554 λέγειν
1063 1485 1133 1551 τοῖς

174 1570 351 1656 τοιούτοις,
368 1574 522 1656 φανερῶς
533 1570 762 1654 ἐπιδέδεικται,
783 1560 1129 1654 ῶάνδρεςἉδηναῖοι.
1141 1581 1181 1636 108

176 1673 227 1736 δεῖ
241 1665 273 1735 δ’
290 1666 376 1754 ὑμᾶς
391 1667 539 1744 ἅπαντας
556 1669 618 1752 μὲν
632 1665 802 1753 ἀπείργειν
817 1669 872 1734 καὶ
889 1666 1033 1734 κωλύειν
1049 1667 1132 1749 τούς

174 1775 468 1852 παρανομοῦντας,
486 1763 572 1833 πολὺ
588 1766 624 1832 δὲ
640 1765 780 1850 μάλιστα
796 1765 876 1844 τοὺς
888 1768 925 1833 εὐ
934 1778 1004 1843 ταῖς
1015 1765 1132 1852 ἀρχαῖς

149 1862 276 1942 νὸντας
292 1867 347 1931 καὶ
367 1863 447 1942 τοὺς
463 1866 756 1948 πολιτευομένους·
780 1863 834 1933 διὰ
849 1865 915 1951 γὰρ
932 1863 1074 1944 τούτους
1090 1866 1131 1934 τὰ

176 1958 273 2029 κοινά
285 1962 339 2027 καὶ
353 1959 559 2046 βλάπτεσθαι
570 1962 736 2048 πέφυκεν,
759 1961 818 2030 έάν
838 1956 1050 2048 ῶσιφαῶλοι,
1074 1965 1132 2030 καὶ

175 2058 214 2126 τά
227 2062 362 2145 μέγιστα
380 2059 481 2126 πάλιν
493 2056 711 2143 ἀφελεῖσθαι,
735 2059 795 2127 ἐὰν
813 2053 895 2127 ῶσιν
912 2063 1063 2139 ἐπιεικεῖς
1075 2063 1133 2129 καὶ

175 2159 321 2225 θέλωσιν
333 2160 485 2242 ἐμμένειν
495 2171 563 2235 τοῖς
576 2155 699 2244 νόμοις.
728 2156 788 2247 ῶς,
802 2156 860 2226 ἐὰν
872 2157 958 2238 ἀπαξ
970 2162 1053 2225 δῶτε
1064 2173 1135 2236 τοῖς

176 2255 260 2341 ὑπὲρ
276 2263 345 2324 τῶν
361 2263 486 2324 κοινῶν
501 2259 691 2343 ἐγχειροῦσί
704 2283 735 2324 τι
751 2257 907 2343 πράττειυ
925 2255 962 2324 τὸ
982 2282 1135 2343 παρανο-

176 2369 250 2441 μεῖν
260 2358 314 2421 καὶ
325 2369 550 2440 καταφρονεῖν
560 2362 629 2422 τῶν
641 2353 833 2441 ῶρισμένωυ
850 2361 1004 2442 δικαίων,
1027 2353 1134 2442 ἀναγ-

176 2453 273 2520 καῖόν
294 2456 383 2519 ἐστιν
412 2451 560 2530 ἅπαντας
581 2451 763 2521 ἀπολαύειν
784 2461 843 2539 τῆς
868 2453 997 2520 τούτων
1015 2459 1133 2532 κακίας

149 2548 254 2628 3τοίις
271 2553 465 2636 μετέχοντας
485 2559 542 2637 τῆς
558 2549 695 2628 πόλεως.
719 2549 829 2636 ῶσπερ
847 2549 912 2637 γάρ
928 2558 997 2618 τῶν
1010 2553 1046 2618 έν
1059 2565 1133 2629 ταῖς

172 2651 292 2716 ναυσὶν
308 2646 569 2735 ἁμαρτημάτων,
592 2642 613 2712 ἀ
631 2656 806 2735 συμβαίνει
826 2652 901 2736 περὶ
917 2648 997 2728 τούς
1013 2656 1131 2733 πλοῦς,

156 2743 254 2813 -ὅταν
264 2748 327 2832 μὲν
336 2755 404 2814 τῶν
415 2755 552 2815 ναυτῶν
566 2770 615 2821 τις
626 2743 772 2834 ἀμάρτη,
795 2755 951 2835 βραχεῖαν
967 2744 1031 2833 τὴν
1044 2746 1132 2833 βλά-

169 2842 402 2929 βηυῆνεγκευ,
426 2842 508 2913 ὅταν
529 2839 562 2910 δ’
581 2838 598 2907 ὁ
616 2847 824 2933 κυβερνήτης
838 2843 1033 2934 ἀποσφαλῇ,
1057 2871 1131 2912 κοι-

168 2939 233 3027 νὴν
249 2939 310 3027 την
322 2940 458 3028 ἀτυχίαν
475 2942 585 3011 ἀπασι
596 2954 665 3020 τοῖς
674 2947 852 3030 ἐμπλέουσι
870 2944 1130 3034 παρεσκεύασεν,

167 3038 324 3121 ῶσαύτως
340 3040 380 3110 τά
396 3043 459 3130 μὲν
474 3049 549 3112 τῶν
565 3043 707 3110 ἰδιωτῶν
725 3042 937 3130 ἁμαρτήματα
950 3042 1013 3111 οὐκ
1031 3048 1078 3121 είς
1091 3043 1130 3110 τὸ

165 3141 310 3226 πλῆθος,
332 3149 378 3224 είς
390 3142 421 3211 δ’
435 3138 570 3218 αύτούς
581 3136 703 3223 ἤνεγκε
715 3142 773 3221 τὰς
792 3142 929 3229 βλάβας,
952 3139 991 3207 τά
1009 3141 1044 3209 δὲ
1061 3147 1132 3208 τῶν

136 3231 332 3319 4ἀρχόυτων
349 3244 404 3310 καὶ
416 3239 701 3320 πολιτευομένων
719 3248 765 3321 είς
779 3239 925 3317 ἅπαντας
934 3236 1130 3323 ἀφικνεῖται.

161 3329 210 3396 διὸ
223 3337 277 3401 καὶ
288 3337 346 3418 τάς
356 3350 515 3428 τιμωρίας
531 3333 557 3404 ὁ
569 3333 693 3402 Σόλων
702 3354 771 3419 τοῖς
782 3341 841 3427 μὲν
852 3338 992 3416 ίδιῶτοιις
1002 3340 1133 3422 ἐποίησε

155 3433 326 3522 βραδείας,
346 3452 415 3519 ταῖς
426 3440 460 3507 δ’
473 3438 611 3523 ἀρχαῖς
621 3434 679 3500 καὶ
691 3450 761 3517 τοῖς
779 3444 980 3526 δημαγωγοῖς
996 3439 1133 3519 ταχείας,
