2370 3854
152 209 215 272 446
341 213 476 270 XXXVII.
498 209 916 273 ΔΗΜΟΣΘΕΝΟΤΣ

150 397 209 456 της
229 376 366 456 πολίτην
383 366 508 438 δύναιτ’
526 364 570 437 ἀν
592 376 742 457 ποιησαι;
763 380 797 439 τί
818 363 881 438 οὖν
902 374 971 439 ἐστι
987 377 1103 450 τοῦτοι

152 468 215 538 οὐκ
232 475 327 554 ἔχων,
339 467 440 556 οἶμαι,
453 466 522 537 κατ’
537 465 638 536 οὐδέν
649 468 704 537 διὰ
715 467 777 556 τήν
786 466 975 555 ἀποδημίαν
987 475 1034 550 εἰς
1044 471 1102 556 έμλ

149 570 279 639 τούτων
289 564 480 654 ἀνενεγκεῖν
491 595 532 651 τι,
540 582 763 654 συκοφαντεῖν
774 567 809 636 δὲ
821 567 1043 654 βουλόμενος,
1056 565 1102 646 ὥς

150 670 334 755 προσέταξα
347 670 545 754 ἐνέγραψεν·
568 663 720 753 οὐδὲγὰρ
737 667 836 753 λόγος
851 658 905 754 ἦν,
917 672 948 735 εἰ
956 663 1000 752 μὴ
1011 662 1098 734 τοῦτ’

150 770 312 853 ἐποίησεν.
337 771 412 854 λέγε
423 765 645 836 τάκόλουθυν.

455 888 457 892 ’
501 923 733 985 ΕΓΚΛΗΜΑ.

20 1082 22 1089 ·
102 1080 137 1132 25
231 1059 303 1137 [Καὶ
313 1052 414 1160 ἐπειδή
424 1045 525 1137 ἀφλον
536 1052 633 1142 έγά
604 1080 646 1118 τω
632 1059 765 1200 δημοσί
763 1082 797 1144 φ,
815 1053 997 1159 καταστήσας
1003 1051 1097 1121 Ἀντι-

188 1135 323 1225 γένην
295 1166 348 1206 τον
363 1142 469 1206 ἑαυτοῦ
482 1140 640 1220 οἱκέτηνί
613 1163 654 1214 ες
670 1138 702 1203 τό
717 1136 910 1245 ἐργαστήριον
926 1165 959 1204 το
949 1135 1093 1286 ’ἐέμὸν
1064 1165 1095 1204 το

189 1226 237 1289 έπλ
250 1223 412 1313 Θρασύλλῳ
424 1221 530 1308 κύριον
539 1229 599 1286 τῶν
608 1216 726 1304 ἔμῶυ,’
708 1223 943 1307 απαγορεάοντος
955 1224 1034 1305 μου
1012 1229 1047 1305 ]

229 1357 383 1446 Ἐτιλσηες.
414 1357 515 1425 παλιν
525 1357 620 1423 ταυτὶ
632 1353 807 1424 πάνταῦπ’
819 1355 927 1425 αὐτοῦ
937 1365 999 1426 τοῦ
1009 1358 1097 1444 πρά-
1105 1379 1159 1437 974

144 1483 268 1544 γματυς
282 1455 551 1542 ἐξελεγχθήσεται
562 1453 777 1538 ψευδόμενος.
798 1458 945 1542 γέγραφε
957 1455 1023 1542 γάρ
1034 1484 1098 1525 κα-

143 1565 303 1642 ταστησαι
317 1556 379 1641 μέν
394 1557 467 1640 ἐμὲ,
497 1550 719 1639 ἀπαγορεύειν
740 1552 776 1621 δέ
793 1551 906 1622 αὐτόν.
941 1564 1045 1623 ταῦτα
1063 1555 1096 1622 δ’

145 1652 206 1740 οὐχ
226 1650 301 1722 οἷόν
316 1679 352 1721 τε
370 1649 487 1739 τὸνμὴ
505 1651 664 1737 παρόντα.
688 1676 766 1719 ουτε
776 1675 841 1736 γαρ
853 1658 1017 1739 καθίστην
1029 1652 1095 1738 έγω

20 1770 23 1777 ’
45 1769 53 1781 ·
143 1751 212 1839 ὅγε
231 1747 279 1820 ἀν
294 1755 333 1820 έν
348 1777 394 1842 τφ
380 1750 541 1870 ’Πήντφ,
564 1747 637 1818 οὔτ’
651 1746 862 1836 ἀπηγόρευεν
878 1743 975 1829 οὗτος
991 1777 1037 1841 τφ
1048 1747 1093 1837 μή

99 1851 299 1935 λόπαρόντι·
323 1875 393 1929 πως
406 1849 486 1936 γάρ;
506 1858 576 1928 πῶς
592 1841 656 1917 οάν
674 1847 754 1927 εἰς’
736 1849 887 1935 ανάγκην
897 1842 983 1935 ἦλθε
995 1848 1092 1917 ταῦθ’

142 1947 231 2016 οὕτω
246 1949 388 2036 γράψαε;
409 1947 589 2031 ὁΕὔεργος
605 1943 721 2031 τότ’,ο
704 1945 809 2032 οἶμαι,
831 1940 1073 2067 πλημμελῶν
1044 1974 1094 2016 ων

142 2047 266 2115 δέδωκε
285 2051 397 2133 δίκην,
420 2044 577 2132 συνήθως
594 2048 679 2130 ἔχων
695 2046 767 2130 ἐμοὶ
786 2047 841 2112 καὶ
858 2045 1025 2134 γνώριμος
1045 2074 1094 2114 ων

141 2148 318 2231 κατέστησε
335 2142 447 2212 τὸνί
413 2171 430 2212 ο
433 2145 544 2229 ίκέτην
559 2152 698 2211 οἴκοθεν
716 2142 829 2232 λαβὼν
845 2142 920 2229 παρ’
933 2149 1016 2232 ἐμοῦ
1025 2171 1093 2231 φυ-

141 2241 271 2310 λάττειν
284 2239 327 2322 ὡς
338 2239 450 2310 αὐτόν.
473 2248 503 2310 εἰ
517 2234 633 2328 μέν
589 2267 654 2310 ουν
669 2248 792 2328 ἔγραφε
807 2242 968 2332 τάληθὲς,
988 2249 1093 2330 γέλως

140 2335 184 2407 ἀν
197 2367 256 2426 ην
278 2340 361 2409 τί
321 2368 398 2427 γαρ,
417 2346 449 2409 εἰ
457 2345 659 2426 κατέστησεν
668 2339 833 2427 Εὔεργος,
846 2342 911 2462 έγαέ
922 2361 958 2410 σε
971 2340 1093 2420 ἀέτκοές

139 2438 277 2554 φεύγων
294 2440 330 2506 δέ
346 2447 445 2506 τοῦτο
463 2437 584 2506 τοιαῦτ’
602 2437 810 2524 η’νάγκασται
826 2441 987 2526 γράφειν,
1009 2439 1052 2508 ἵν’
1069 2433 1092 2526 6

139 2531 223 2621 πρὸς
233 2533 340 2621 έμὲ’
299 2544 390 2625 αυτῷ
400 2562 438 2604 το
427 2534 606 2623 ἔγκλημα
628 2541 703 2621 λέγε
713 2563 752 2603 τα
741 2534 888 2622 ἐφεξῆς.

497 2695 731 2757 ΕΓΚΛΗΜΑ.

222 2800 371 2904 [Κάπειτα
383 2807 484 2877 πιέσας
501 2799 570 2877 τοὺς
594 2805 706 2875 οἰκέτας
721 2796 791 2875 τυῦς
807 2794 900 2881 έμοάς
911 2802 1089 2878 καθίζεσθαι

180 2879 259 2961 εἰς
230 2909 282 2949 τον
294 2910 457 2972 κεγχρεωνα
468 2886 515 2949 πλ
525 2881 670 2972 βλαβη
633 2910 670 2971 τη
681 2885 756 2969 έμή]

91 3042 127 3098 27
225 3021 325 3089 Τουτὶ
346 3027 515 3098 παντελως
532 3018 597 3105 ήδη
617 3015 932 3099 καλάναιδέςέστιν·
961 3017 1003 3087 οά
1022 3020 1087 3107 γάρ

134 3117 240 3206 μόνον
250 3122 288 3188 έκ
299 3125 360 3187 τοῦ
372 3126 614 3204 προκαλεῖσθαι
623 3118 764 3197 τούτους
774 3123 994 3202 παραδοῦναι,
1005 3127 1087 3186 του·

134 3243 194 3285 τον
210 3219 248 3287 δέ
267 3216 312 3304 μή
333 3219 478 3302 ἐθέλειν,
500 3216 585 3286 ἀλλά
607 3219 662 3286 καλ
683 3220 719 3287 έκ
739 3217 874 3284 πάντων
897 3216 1000 3303 δῆλόν
1018 3225 1087 3285 έστι

134 3321 258 3396 ψεῦδος
274 3315 324 3385 ὅν.
357 3326 446 3395 τίνος
464 3316 528 3403 γάρ
545 3313 629 3385 ἕνεκ’
648 3321 800 3394 emmam
821 3319 876 3383 ἵνα
893 3314 936 3402 νὴ
951 3313 1010 3384 Δί’
1023 3314 1086 3383 αύ-

134 3412 215 3493 τούς
229 3415 407 3501 κτήσωμαι.
441 3413 510 3484 ἀλλ’
524 3416 681 3504 αἱρέσεως
703 3441 760 3503 μοι
782 3420 938 3503 δοθείσης
956 3411 979 3501 6
999 3419 1086 3502 ἔχειν
