2370 3854
285 230 427 292 ΠΡΟΣ
441 228 856 290 -ΠΑΝΤΑΙΝΕΤΟΝ
991 227 1048 290 451

100 421 148 482 γω
161 395 317 479 πράττειν
327 393 442 475 ἑτέραν
453 383 535 477 ήκεν
547 395 632 475 ἔχων
649 387 851 475 πρόκλησιν,
874 386 975 469 ἀξιῶν
992 386 1056 456 αύ-
1063 407 1114 461 9²19

59 521 67 537 ·
100 492 156 572 τδς
166 497 354 580 βασανίζειν
364 488 425 558 τόν
436 488 631 575 ἄνθρωπον,
641 491 697 556 καί
706 488 945 575 ἐπιλαβόμενος
955 485 1054 574 εἷλκε,
1111 540 1136 579 3

57 595 157 664 43va
177 595 344 661 ἐνέλειπεν
367 587 468 657 οὐδὲν
489 587 669 674 ἀσελγείας.
704 591 759 656 καί
779 587 872 675 ἔγωγ’
885 588 1056 676 ἐνεθυμή-

100 702 186 777 θην,
210 683 239 757 οό
247 687 368 775 ἀνδρες
378 690 544 775 δικασταὶ,
565 685 683 775 ἡλίκον
701 690 768 757 ἐστὶ
780 691 1006 775 πλεονέκτημα
1017 686 1054 755 τὸ

101 790 145 877 μή
162 795 436 876 καταπεπλήρθαι
453 786 513 857 τόν
530 794 615 875 βίον.
650 786 715 874 έγεδ
733 787 799 875 γάρ
810 791 940 879 ἐμαυτῷ
952 796 1055 855 ταῦτα

103 888 240 973 πάσχειν
251 886 394 956 ἐδόκουν
409 886 727 974 καταφρονούμενος
743 894 789 977 τῷ
809 886 922 967 ἀτελῶς
938 890 993 955 καὶ
1012 885 1056 965 ἀς

103 992 236 1074 πέφυκα
248 993 323 1075 ζῆν,
341 990 397 1055 καί
414 991 510 1074 δίκην
528 987 660 1056 διδόναι
671 988 866 1073 παμμεγέθη
877 983 966 1054 ταῦτ’
979 986 1056 1053 ἀνε-

101 1088 255 1174 χόμενος·
276 1084 327 1155 ὅτι
338 1085 370 1154 δ’
383 1079 447 1154 οάν
457 1084 702 1173 ἠναγκαζόμην,
721 1083 795 1170 παρ’
808 1082 829 1151 ἀ
841 1083 994 1172 ήγούμην
1007 1090 1057 1153 δί-

102 1201 179 1254 καια
191 1183 285 1269 εἰναι,
298 1183 622 1270 ἀντιπροκαλεῖσθαι,
635 1186 692 1251 καὶ
704 1182 765 1251 τόν
775 1188 909 1269 οἰκέτην
919 1187 1057 1268 παρεδί-

96 1291 195 1381 ,δουν
218 1286 272 1352 καί
284 1281 336 1350 ότι
346 1279 438 1351 ταῦτ’
450 1280 563 1369 ἀληθῆ
573 1285 668 1368 λέγω,
682 1284 756 1367 λέγε
767 1281 829 1366 τήν
840 1280 1034 1366 πρόκλησιν.

436 1428 714 1503 Momm.

60 1592 95 1645 44
184 1572 639 1661 Φνγοδνμδντοίνννταύτα,
659 1569 780 1658 φνγοὶν
796 1570 826 1639 δ’
842 1570 911 1640 ἀτδ
925 1581 1058 1658 πρῶτον

103 1670 205 1752 αύτδς
216 1671 482 1758 προύκαλέσατο,
495 1665 615 1758 ἔγωγε,
635 1668 656 1739 ό
667 1698 699 1739 τι
708 1669 777 1740 ποτ’
789 1672 950 1759 ἰρείπρὸς
960 1669 1057 1759 ὑμᾶς,

103 1773 275 1860 θανμάζω.
307 1777 364 1841 ἵνα
376 1770 407 1840 δ’
421 1777 538 1860 εἰδήτεΙ
547 1768 604 1857 ὑφ’
618 1763 662 1839 ού
680 1774 761 1858 φησί
773 1773 829 1839 καί
845 1768 884 1838 τά
896 1768 987 1839 δεινά
999 1796 1060 1838 πει·

105 1876 287 1956 πονθέναι,
305 1872 489 1940 θεάσασθε.
523 1863 623 1950 οάτός
634 1875 723 1939 ἐστιν
735 1868 753 1938 ὁ
765 1878 994 1939 Πανταίνετον
1004 1872 1060 1937 έκ-

104 1971 229 2060 βαλοδν,
242 1963 341 2051 οὗτός
352 1968 420 2038 ἐσθ’
435 1967 623 2056 ὃκρείττοιν
633 1978 702 2039 τοῖν
713 1976 821 2057 φίλων
835 1979 904 2039 τείν
914 1979 1061 2038 Πανται-

104 2072 269 2140 νέτονκαί
280 2070 485 2156 τώννόμων.
518 2069 559 2137 ού
571 2068 636 2156 γάρ
648 2066 745 2155 ἔγωγ’
755 2070 960 2154 ἐπεδήμουν,
984 2066 1058 2135 οὐδ’

105 2167 354 2254 αύτόςέγκαλεϊ.

61 2287 95 2340 45
188 2267 359 2352 Βούλομαι
371 2265 403 2334 δ’
416 2265 496 2352 ύμίν
509 2268 563 2334 καί
580 2264 619 2334 δι’
633 2259 683 2334 τόν
698 2265 778 2345 τούς
788 2268 953 2354 πρότερον
965 2273 1059 2334 δικα-

106 2364 184 2443 στάς
202 2364 406 2450 ἐξαπατήσας
428 2361 494 2434 εἷλε
512 2362 572 2436 τόν
580 2364 735 2453 Εὔεργον
755 2371 876 2451 εἰπεῖν,
900 2364 941 2434 ἵν’
955 2362 1058 2454 εἰδῆθ’

106 2465 157 2534 ότι
168 2467 223 2532 καὶ
234 2470 300 2530 νύν
311 2460 412 2531 ούδὲν
430 2461 503 2531 οὔτ’
518 2460 687 2544 ἀναιδείας
704 2465 781 2533 οὔτε
799 2475 861 2533 τού
875 2466 1061 2546 ψεύδεσθαι

107 2568 309 2651 παραλείψει.
338 2562 422 2647 πρός
433 2565 470 2631 δὲ
485 2563 617 2642 τούτοις
633 2566 773 2650 καὶπερὶ
791 2557 839 2633 όν
852 2567 924 2653 ἐμοὶ
935 2566 1062 2644 δικόζε-

107 2661 316 2742 ταινννίτάς
327 2659 430 2742 αύτάς
442 2663 545 2741 ούσας
563 2662 742 2750 ἀπολογίας
760 2662 933 2750 εὑρήσετε·
957 2664 1061 2747 ὅσπερ

107 2770 237 2849 ἔλεγχος
248 2760 480 2852 ἀκριβέστατός
497 2765 586 2832 ἐστιν
604 2759 690 2848 ὑπὲρ
708 2771 770 2831 τού
788 2760 853 2833 τότ’
865 2768 994 2833 ἐκεῖνον
1006 2781 1060 2830 σε-

107 2874 394 2951 συκοφαντῆσθαι.
435 2856 533 2944 ούτος
556 2863 621 2949 γὰρ
643 2861 802 2952 ήτιάσατο
825 2867 956 2932 ἐκεῖνον
978 2860 1063 2948 πρός

107 2961 288 3042 ἀπασιτοϊς
310 2964 423 3043 ἀλλοις
433 2960 562 3033 ἐλθόντ’
575 2969 621 3042 εἰς
639 2961 745 3049 ἀγρόν
756 2961 800 3041 οδς
817 2959 923 3030 αὑτόν
939 2964 991 3029 ἐπὶ
1002 2964 1060 3037 τὰς

107 3063 308 3150 ἐπικλήρους
326 3070 491 3133 εἰσελθεῖν
508 3065 562 3152 καί
579 3060 642 3149 τήν
652 3063 775 3148 μητέρα
785 3057 846 3146 τήν
856 3055 980 3143 αὑτοῦ,
1005 3061 1060 3125 καὶ

107 3160 186 3240 τούς
202 3162 329 3248 νόμους
348 3156 430 3251 ήκεν
448 3168 532 3248 ἔχων
548 3159 628 3240 τούς
645 3171 713 3229 τῶν
729 3158 916 3246 ἐπικλήρων
928 3156 1011 3242 πρὸς
1022 3156 1059 3224 τό

64 3285 97 3339 46
107 3262 329 3347 δικαστήριον.
352 3266 407 3330 καὶ
419 3263 503 3347 πρός
513 3261 574 3348 μὲν
584 3258 644 3328 τόν
655 3258 809 3346 ἀρχοντα,
821 3255 940 3328 ἀντῶν
949 3254 1062 3324 τοιού-
1071 3267 1125 3323 980

106 3388 175 3429 των
191 3364 225 3429 οἰ
239 3359 338 3447 νόμοι
353 3363 551 3430 κελεύουσιν
566 3362 793 3446 ἐπιμελεῖσθαι
811 3359 866 3425 καί
883 3345 999 3447 παρ’ρό
1015 3362 1063 3444 τῷ

105 3460 167 3544 μὲν
178 3457 349 3545 ἠδικηκότι
365 3463 522 3540 κίνδυνος
533 3462 606 3544 περὶ
618 3465 679 3527 τοῦ
690 3466 724 3526 τί
732 3456 793 3546 χρή
807 3465 930 3609 uage?
942 3450 965 3542 ή
977 3452 1061 3523 ἀπο-
