2370 3854
202 323 266 389 482
430 327 482 382 XL.
521 321 939 383 ΔΗΜΟΣΘΕΝΟῬΣ

204 484 373 571 άπέφυγε,
394 473 601 569 ψευδόμενος
619 483 727 550 δὲκαὶ
750 479 951 568 παραγωγάς
972 481 1079 565 λέγων
1098 479 1165 569 ἤδη

205 610 254 662 τις
265 588 361 669 δίκην
372 581 434 651 ούκ
446 586 578 651 ἔδωκεν.
601 578 649 649 ἵν’
662 573 725 648 οὖν
735 579 780 668 μὴ
792 585 1016 667 ἐξαπατηθῆτε
1026 576 1087 646 ὑπ’
1100 577 1168 646 αύ-

206 689 284 769 τοῦ,
305 686 435 769 βέλτιον
454 679 542 749 εἷναί
554 705 612 766 μοι
631 684 724 748 δοκεῖ
737 683 861 767 βραχέα
877 682 932 748 καὶ
949 680 1025 764 περὶ
1039 677 1169 747 τούτου

164 778 291 867 ῃπρός
307 778 394 867 ὑμᾶς
411 785 525 848 εἰπεῖν.
557 776 617 847 ἐάν
633 777 699 864 γάρ
718 780 797 867 λέγη
815 776 859 857 άς
874 776 895 865 ἡ
910 779 971 864 μὲν
981 776 1041 865 ἐμὴ
1056 777 1169 864 μήτηρ

207 879 270 948 ούκ
280 883 481 966 ἐπηνέγκατο
493 891 632 966 προῖκα,
650 875 721 964 ἡδὲ
731 878 861 945 τούτων
871 878 1090 964 ἐπηνέγκατο,
1108 879 1169 942 ἐν-

206 975 369 1066 θυμεῖσθ’
388 976 439 1045 ὅτι
450 984 640 1063 περιφανῶς
651 977 816 1057 ψεύδεται.
848 984 983 1063 πρῶτον
993 976 1054 1062 μέν
1064 968 1168 1061 γάρὸ

207 1077 385 1162 Πάμφιλος
401 1074 419 1142 ὁ
437 1073 545 1161 πατὴρ
562 1082 621 1160 τῆς
637 1074 760 1143 τούτου
776 1074 900 1162 μητρὸς
911 1080 1008 1143 πέντε
1018 1074 1169 1143 τάλαντα

208 1183 254 1266 τῷ
267 1180 413 1263 δημοσίῳ
424 1171 571 1259 ὀφείλων
582 1174 791 1261 ἐτελεύτησε,
809 1176 864 1242 καὶ
874 1173 1038 1241 τοσούτου
1049 1175 1169 1260 ἐδέησε

208 1274 442 1359 περιγενέσθαι
455 1298 487 1339 τι
497 1286 565 1352 τοῖς
575 1276 705 1341 ἐκείνου
715 1275 808 1342 παισὶ
819 1280 877 1360 τῆς
887 1270 1002 1353 οὐσίας
1014 1270 1170 1360 άπογρα-

209 1379 326 1459 φείσης
346 1373 402 1439 καὶ
424 1376 644 1458 δημευθείσης
683 1369 763 1440 ὥστ’
785 1369 865 1441 ούδέ
884 1369 922 1440 τό
944 1370 1079 1459 ὄφλημα
1096 1381 1170 1440 πᾶν

210 1469 296 1558 ὑπὲρ
313 1469 418 1540 αὐτοῦ
435 1474 629 1556 ἐκτέτισται,
652 1469 726 1538 ἀλλ’
746 1477 793 1539 ἐτι
811 1473 866 1539 καὶ
883 1478 949 1538 νῦν
959 1468 978 1539 ὁ
988 1469 1171 1556 Πάμφιλος

210 1567 356 1656 ὀφείλων
376 1577 423 1662 τῷ
444 1574 589 1659 δημοσίῳ
612 1574 839 1656 ἐγγέγραπται.
873 1579 943 1649 ποῦς
959 1563 1023 1639 ούν
1038 1566 1112 1637 ολύν
1130 1596 1170 1637 τε

210 1669 271 1738 τὸν
281 1667 364 1756 ἐμὸν
375 1672 500 1754 πατέρα
509 1670 659 1756 χρήματα
670 1676 785 1756 λαβεῖν
799 1672 835 1738 ἐκ
845 1677 903 1755 τῆς
912 1673 1094 1756 Παμφίλου
1104 1664 1172 1735 ού-

212 1777 300 1854 σίοις,
321 1767 344 1856 ἢ
360 1766 435 1837 οὐδ’
455 1768 536 1837 αύτό
556 1767 593 1837 τὸ
612 1766 747 1855 ὄφλημα
766 1765 864 1854 ίκανὴ
877 1769 1007 1854 ἐγένετο
1018 1773 1060 1854 τῇ
1071 1765 1172 1836 πόλει

170 1874 350 1950 γηέκτῖσαις
372 1867 484 1955 ἔπειτ’,
504 1861 839 1955 ύάνδρεςδικασταλ,
859 1862 1059 1952 ἐνθυμεῖσθ’
1074 1864 1128 1934 ὅτι
1140 1873 1174 1935 εί

210 1968 250 2035 τὰ
262 1968 402 2052 μάλιστα
411 1970 616 2051 περιεγένετο
628 1967 669 2034 τά
680 1966 829 2054 χρήματα
838 1974 959 2050 ταῦτα,
981 1963 1092 2047 ὥσπερ
1104 1956 1173 2032 ού-

210 2073 265 2134 τοί
279 2086 399 2152 φασιν,
422 2064 485 2132 ούκ
503 2062 547 2132 ἂν
558 2063 576 2131 ὁ
588 2064 665 2150 ἐμός
677 2065 784 2151 πατὴρ
796 2062 880 2131 αύτά
894 2069 1025 2149 ἐλαβεν,
1048 2061 1123 2131 ἄλλ’
1136 2070 1175 2133 ολ

210 2172 273 2232 τοῦ
284 2170 466 2251 Παμφίλου
476 2168 559 2243 υίεῖς
568 2162 712 2243 Βοιωτὸς
723 2162 924 2242 καλἩδύλος
935 2165 990 2230 καλ
1000 2160 1174 2251 Εὐθύδη-

212 2290 289 2350 μος,
312 2269 346 2331 οἳ
354 2259 418 2331 ούκ
430 2257 474 2329 άν
484 2262 594 2348 δήπου
603 2265 656 2330 ἐπὶ
668 2262 729 2348 μὲν
738 2270 784 2353 τῷ
795 2262 970 2349 τάλλότρια
983 2261 1173 2350 λαμβάνειν

212 2360 372 2430 ὁτιανοῦν
392 2365 544 2448 ἐποίουν,
567 2359 611 2439 άς
627 2363 683 2429 καὶ
699 2359 792 2447 ὑμεῖς
807 2361 950 2439 ἅπαντες
968 2371 1052 2445 ῖστε,
1073 2356 1114 2426 τά
1132 2360 1169 2429 δ’

168 2458 326 2533 εςαύτοίν
346 2460 406 2527 τδν
426 2457 508 2547 ἐμόυ
525 2463 649 2546 πατέρα
666 2465 831 2546 περιεῖδον
847 2459 1079 2546 κομισάμενον.
1114 2456 1173 2527 ὅτι

211 2561 271 2645 μέν
280 2564 398 2627 τοίνυν
407 2557 431 2646 ἥ
441 2585 479 2645 γε
489 2558 620 2628 τούτων
629 2558 735 2646 μήτηρ
746 2557 808 2628 ούκ
821 2561 1021 2646 ἐπηνέγκατο
1033 2570 1170 2647 προῖκα,

211 2655 284 2726 άλλ’
299 2648 392 2726 οὗτοι
401 2666 500 2726 τούτο
512 2659 702 2745 ψεύδονται,
711 2664 832 2737 ίκανοὸς
841 2656 928 2746 ὑμεῖς
937 2661 1171 2746 μεμαθηκέναι

210 2763 347 2842 νομίζοι·
362 2752 449 2825 ὅτιτί
459 2754 548 2845 ηέμῆ
558 2757 663 2845 μήτηρ
673 2761 884 2844 ἐπηνέγκατο,
892 2761 1014 2846 ῥηιδίως
1023 2755 1087 2841 ἐγώ
1098 2758 1172 2824 δεί-

211 2861 267 2936 ξο).
299 2878 434 2938 προτον
443 2860 504 2940 μὲν
514 2854 578 2940 γάρ
591 2858 814 2943 Πολυαράτου
825 2855 978 2943 θυγάτηρ
992 2849 1051 2943 ἦν,
1063 2852 1172 2933 ὅςκαὶ

211 2951 272 3038 ὑφ’
287 2950 384 3037 ὑμῶν
394 2957 525 3039 ἐτιμᾶτο
536 2956 592 3021 καλ
602 2952 731 3040 πολλὴν
742 2952 861 3022 ούσίαν
871 2957 1039 3040 ἐκέκτητο·
1054 2956 1170 3022 ἔπειτα

210 3051 458 3140 μεμαρτύρηται
473 3048 554 3139 ὑμῖν
572 3050 616 3133 οδς
633 3051 722 3140 καὶὴ
741 3050 868 3139 άδελφὴ
885 3048 987 3139 αύτῆς
997 3052 1170 3139 τοσαύτην

211 3166 331 3239 προῖκα
349 3155 592 3239 ἐπενεγκαμένη
608 3151 807 3242 Ἐρυξιμάχῳ
825 3151 1014 3242 συνῴκησε,
1037 3155 1083 3238 τῷ
1094 3157 1171 3217 Χα-

170 3257 310 3339 λύβρίου
320 3256 472 3337 κηδεστῇ.
504 3251 589 3339 πρὸς
601 3252 637 3319 δέ
647 3253 778 3331 τούτοις
789 3258 945 3337 φαίνεταί
951 3246 1046 3338 μουὴ
1058 3246 1169 3335 μήτηρ

211 3348 248 3417 τὸ
267 3359 401 3434 πρῶτον
418 3353 593 3418 ἐκδοθεῖσα
611 3355 848 3438 Κλεομέδοντι,
871 3343 915 3418 ού
930 3372 1012 3436 φασι
1029 3345 1088 3416 τὸν
1099 3373 1169 3414 πα-

209 3448 288 3531 τέρα
295 3449 438 3517 Κλέωνα
455 3457 525 3517 τοῖν
535 3447 703 3537 ὑμετέροιν
716 3448 895 3537 προγόνων
906 3453 1167 3535 στρατηγοῦντα,

33 3597 136 3640 ..Β
194 3552 481 3639 Δακεδαιμονίων
509 3551 658 3633 πολλοὺς
681 3552 717 3620 ἐν
742 3548 845 3639 Πύλῳ
865 3553 990 3629 ζῶντας
1011 3544 1168 3633 λαβόντα,
