2370 3854
360 240 505 302 ΚΑΤΑ
535 240 780 302 MEIAIOY.
1006 237 1048 301 69

153 407 233 510 Περὶ
249 400 459 488 ύγιείαςθύειν
474 404 526 466 καὶ
544 399 682 508 εύχεσθαι
693 397 771 464 Aa‘
756 399 878 505 υπάτῳ,
895 399 1047 506 Ἡρακλεῖ,

90 483 475 592 Ἀπόλλωυιπροστατηρίῳ
487 486 647 596 περλτύχας
659 479 778 589 άγαθᾶς
785 466 977 550 Ἀπόλλωνι’
960 512 1047 569 αγυι-
1111 518 1115 522 -

93 599 128 655 ει,
110 582 250 676 Λατοῖ,
269 567 425 654 Ἀρτέμιδι,
448 571 499 634 καὶ
511 566 571 634 κατ’
585 564 694 674 άγυιάς
703 578 852 654 κρατῆρας
862 568 984 673 ίστάμεν
995 571 1047 633 καί

92 654 198 763 χορούς
215 658 266 721 καί
285 662 520 766 στεφανηφορεῖν
544 649 634 719 καττά
650 649 760 762 πάτριοι
778 663 861 729 θεοῖς
880 648 1048 763 Ὀλυμπίοις

93 742 233 807 πάντεσσι
244 741 294 804 καί
305 737 429 819 πάσαις,
448 741 524 814 ἰδίας
535 734 631 815 δεξιάς
642 737 725 802 καῖ’
706 731 859 822 αριστεράς
872 731 1047 819 άνίσχοντες,

94 829 145 890 καί
155 827 361 906 μνασιδωρεῖν

298 1014 356 1070 ΕΚ
375 1012 595 1071 mamm
613 1011 843 1070 ΜΑΝΤΕΙΑΙ.

50 1173 86 1228 53
159 1166 207 1244 Τῳ
219 1157 354 1268 δημῳ
324 1164 366 1222 τεό
384 1153 587 1243 Ἀθηναίων
576 1184 655 1224 οτου
642 1153 740 1234 Διὸς
758 1152 942 1240 σημαίνει.
934 1152 978 1221 ύτι
995 1151 1048 1232 τάς

95 1241 173 1352 ὥρας
189 1221 391 1348 παρηνέγκατε
413 1251 466 1345 τῆς
481 1246 590 1319 θυσίας
610 1244 662 1306 καί
682 1251 734 1345 τῆς
754 1244 892 1343 θεωρίρις,
915 1236 1047 1324 αἱρετούς

94 1330 219 1409 πέμπειν
228 1327 338 1391 κελεύει
331 1320 486 1431 θεωρούς
497 1327 596 1406 ἒννία,
614 1326 666 1389 καί
676 1323 797 1400 τούτους
814 1320 864 1387 διά
880 1327 990 1425 ταχίῳν
1005 1330 1047 1404 τῷ

95 1412 148 1477 Διί
160 1437 200 1497 τῳ
187 1411 245 1473 ἐν
243 1407 384 1513 Τομάρῳ
395 1417 472 1493 τρεῖς
484 1413 556 1491 βοῦς
571 1409 622 1472 καλ
638 1403 711 1511 πρὸς
730 1405 842 1494 ἑκάστῳ
860 1410 914 1488 βοῒ
928 1403 1025 1471 δύοοῖ
1023 1432 1048 1482 ς,

94 1494 175 1597 τῇδὲ
181 1474 308 1598 Διώνη
310 1499 385 1575 βούν
400 1498 594 1595 καλλιερεῖν,
594 1492 645 1554 καί
653 1491 799 1574 τραπεζαν
810 1496 923 1573 χαλκην
932 1513 1006 1575 προς
1016 1486 1049 1553 τδ

96 1573 271 1681 άνάθημα,
262 1603 278 1642 ο
290 1605 328 1641 αν
329 1569 464 1680 ἑθηκενὸ
477 1569 594 1658 δημος’
582 1601 598 1640 υ
607 1568 786 1655 Ἀθηναίων.

152 1655 188 1725 Ο
210 1668 264 1724 τοῦ
283 1655 356 1736 Διὸς
372 1662 506 1764 σημαίνει
523 1661 555 1723 ἕν
546 1657 724 1763 Δωδώνη,
742 1654 883 1762 Διονύσῳ
904 1662 1048 1766 δημοτελῆ

95 1749 160 1827 ίερα
147 1738 262 1809 τελεῖν
272 1771 322 1809 και
334 1769 467 1829 κρατηρα
483 1740 606 1825 κεράσαι
624 1745 676 1807 καί
692 1738 797 1829 χορούς
807 1719 933 1822 ίστάναι,
943 1739 1047 1807 Ἀπόλ-

94 1837 167 1893 λωνι
188 1821 263 1891 άποτ
264 1831 377 1917 ροπαίῳ
400 1832 476 1910 βοῦν
491 1833 596 1929 θῦσαι,
614 1828 910 1936 καλστεφανηφορεῖν
932 1829 1049 1891 ἐλευθί

95 1938 165 1995 ρους
176 1913 227 1975 καί
239 1855 378 2013 δούλους,
401 1913 452 1975 καί
470 1907 596 1975 ἐλινύειν
613 1908 722 1992 μίανε
706 1913 828 1997 ημὲραν.
863 1912 916 1976 Διί
940 1915 1049 1998 κτησίῳ

94 1992 308 2083 βούγλωσσα]

52 2175 88 2227 54
179 2161 292 2244 Είσλν,
315 2185 341 2225 ω
330 2151 475 2244 ανδρες
485 2156 670 2245 Ἀθηναῖοι,
695 2163 755 2226 καί
769 2151 868 2227 αύται
885 2157 1050 2228 καλάλλαι

97 2258 217 2324 πολλαί
230 2264 429 2342 μαυτεῖοιιτῇ
441 2255 536 2322 πόλει
546 2253 704 2340 κάγαθαί
737 2262 772 2324 τί
789 2250 852 2324 οὖν
869 2259 905 2324 ἐκ
921 2256 1052 2325 τούτων
1060 2284 1112 2337 53η

96 2353 183 2438 ὑμαῖς
199 2357 423 2438 ἐνθυμεῖσθαι
439 2357 504 2434 δεῖς
524 2351 576 2419 ὅτι
594 2352 652 2431 τοὶς
667 2353 729 2439 μὲν
740 2353 842 2432 άλλως
851 2363 974 2433 θυσίας
983 2369 1052 2434 τοῖς

96 2449 145 2537 ἐφ’
160 2450 299 2537 ἑκάστης
315 2457 470 2537 μαντείας
485 2454 767 2538 προφαινομένοις
783 2462 876 2532 θεοῖς
885 2454 1053 2539 προστάτ-

96 2570 192 2618 τουσι
201 2550 313 2635 θύειν,
325 2550 457 2619 ίστάυαι
469 2551 505 2620 δὲ
514 2552 635 2637 χορούς
646 2555 702 2620 καλ
712 2569 979 2640 στεφανηφορεῖν
990 2582 1052 2623 κοι-

96 2648 137 2716 τά
148 2647 190 2717 τά
207 2649 329 2734 πάτρια
346 2648 431 2736 πρὸς
451 2647 595 2729 άπάσαις
611 2665 682 2730 ταῖς
692 2650 956 2740 ἀφικνουμέναις
965 2681 1052 2740 μαυ-

54 2755 197 2826 σοτείαις
213 2757 501 2834 προσαναιροῦσιν
518 2747 609 2837 ὑμῖν.
642 2755 677 2818 οί
692 2758 809 2820 τοίνυν
819 2756 913 2837 χοροί
929 2751 1052 2832 πάντες

97 2852 131 2915 οί
138 2848 331 2934 γιγνόμενοι
343 2850 399 2918 καί
410 2853 444 2917 οί
452 2852 588 2936 χορηγοὶ
605 2853 708 2936 δῆλον
720 2850 772 2918 ὅτι
787 2852 845 2931 τάς
855 2853 919 2939 μὲν
929 2848 1052 2938 ἡμέρας

98 2949 235 3033 ἐκείνας,
252 2946 291 3027 δὶς
303 2947 533 3036 συνερχόμεθα
544 2950 595 3017 ἐπί
605 2948 667 3018 τὸν
677 2947 792 3034 άγοῖυα
803 2950 886 3019 κατά
897 2951 956 3028 τάς
966 2976 1053 3035 μαν-

97 3052 186 3124 τείας
197 3046 336 3134 ταύτας,
360 3046 444 3133 ὑπὲρ
461 3046 575 3115 αύτοῖν
591 3049 869 3137 ἐστεφανούμεθα,
893 3045 1015 3134 ὁμοίως
1032 3047 1053 3115 ὅ

97 3170 133 3211 τε
144 3145 275 3229 μέλλων
296 3153 396 3213 νικοῖν
416 3149 471 3214 καλ
490 3145 507 3213 ὁ
526 3146 663 3214 πάντων
679 3145 821 3225 ύστοιτος
837 3146 1052 3233 γενήσεσθαι,

98 3241 161 3329 τὴν
172 3243 208 3312 δὲ
218 3251 287 3312 τῶν
298 3247 469 3314 ἐπινικίων
479 3241 564 3329 ὑπὲρ
578 3243 686 3314 αὑτοῦ
701 3243 770 3312 τότ’
784 3242 847 3331 ἤδη
864 3254 1054 3331 στεφανοῦ-

98 3340 180 3410 ταιὸ
194 3350 307 3411 νικῶν.
336 3369 398 3412 τον
408 3337 473 3411 ούν
490 3355 536 3423 είς
545 3370 620 3412 τινα
631 3344 761 3412 τούτων
773 3351 841 3411 τοῖν
851 3337 1054 3431 χορευτοῖνῆ

99 3450 167 3509 τῶν
177 3451 331 3528 χορηγῶν
341 3440 517 3530 ὑβρίζοντα
529 3441 574 3511 ἐπ’
587 3448 711 3532 ἔχθρᾳ,
733 3444 789 3512 καὶ
806 3439 894 3510 ταῦτ’
908 3445 945 3511 ἐν
962 3438 1054 3529 αύτῷ
