2370 3854
226 227 369 288 ΚΑΤΑ
392 224 879 287 ΑΡΙΣΤΟΓΕΙΤΟΝΟΣ
898 228 939 286 Α,
993 226 1054 291 277

104 417 177 479 μοις
189 393 365 456 διοικεῖται.
397 384 527 452 τούτων
539 381 571 450 δ’
583 381 604 470 ἡ
621 383 683 470 μέν
695 384 794 468 φύσις
813 387 903 454 ἐστὶν
914 385 1057 456 ἄτακτον

104 491 158 557 καὶ
172 485 353 573 άνοίμαλον
364 484 419 551 καὶ
430 483 503 550 κατ’
518 480 626 568 άνδρα
637 488 724 551 ίδιον
734 492 795 551 τοῦ
807 489 955 573 ἔχοντος,
978 491 1012 554 οί
1022 487 1058 555 δὲ

103 586 203 671 νόμοι
213 582 331 652 κοινὸν
351 583 406 649 καὶ
422 587 622 666 τεταγμένον
639 583 693 649 καὶ
710 580 811 651 ταύτὰ
824 592 934 652 πάσιν.
963 583 1058 673 ἡμὲν

103 678 167 753 οὖν
179 682 297 769 φύσις,
322 677 365 748 άν
381 672 405 768 ᾖ
420 678 567 766 πονηρά,
592 681 750 759 πολλάκις
760 689 874 767 φαῦλα
884 683 1056 771 βούλεται·

63 784 219 866 ιεδιόπερ
238 777 319 858 τούς
334 779 507 857 τοιούτους
524 779 808 866 ἐξαμαρτάνοντας
826 778 992 868 εὑρήσετε.
1026 786 1061 850 οί

104 885 140 952 δὲ
161 882 262 967 νόμοι
284 877 320 947 τό
346 883 477 946 δίκαιον
498 879 554 945 καὶ
576 877 613 945 τό
636 874 744 945 καλόν
764 882 819 946 καὶ
835 876 872 947 τό
885 883 1057 967 συμφέρον

103 980 293 1070 βούλονται,
318 980 493 1045 καὶτοῦτο
516 981 664 1063 ζητοῦσι,
687 977 743 1045 καὶ
764 977 898 1046 ἐπειδάν
922 977 1056 1067 εὑρεθῇ,

104 1075 331 1148 κοινόντοῦτο
354 1075 548 1162 πρόσταγμα
566 1073 762 1162 ἀπεδείχθη,
785 1086 886 1145 τάσιν
907 1089 981 1147 ίσον
1002 1083 1058 1147 καὶ

104 1176 232 1264 ὅμοιον,
255 1177 311 1243 καὶ
330 1173 423 1243 τοῦτ’
448 1181 516 1242 ἔστι
536 1174 656 1259 νόμος,
680 1164 708 1261 ηδ
729 1173 856 1254 πάντας
878 1183 1058 1245 πείθεσθαι

104 1276 265 1362 προσήκει
283 1273 337 1342 διά
355 1271 477 1354 πολλοὶ,
504 1272 559 1339 καλ
575 1268 707 1356 μάλισθ’
722 1270 773 1338 ὅτι
790 1279 854 1352 πάς
872 1277 940 1341 ἐστι
955 1275 1058 1362 νόμος

104 1374 233 1460 εὕρημα
253 1372 315 1458 μέν
337 1373 392 1438 καὶ
414 1375 526 1454 δωρον
555 1377 658 1456 θεῶν,
682 1369 788 1454 δόγμα
810 1367 841 1436 δ’
865 1369 1058 1457 άνθράπων

105 1477 297 1560 φρονίμων,
320 1467 546 1554 ἐπανόρθωμα
566 1471 603 1535 δὲ
619 1476 687 1535 τῶν
702 1469 864 1536 ἑκουσίων
879 1472 934 1538 καὶ
954 1469 1059 1539 άκου·

105 1576 187 1636 σίων
204 1565 463 1654 ἁμαρτημάτων,
484 1567 613 1645 πόλεως
631 1565 667 1634 δὲ
685 1567 839 1655 συνθήκη
857 1567 965 1656 κοινή,
982 1571 1058 1637 καθ’

62 1689 95 1744 17
104 1665 146 1754 ἣν
158 1674 239 1734 πᾶσι
251 1665 412 1753 προσήκει
422 1671 482 1754 ζῆν
493 1680 561 1746 τοῖς
572 1669 608 1735 έν
624 1673 666 1753 τῇ
683 1664 787 1734 πόλει.
824 1664 908 1735 άλλά
922 1668 990 1755 μήν
1008 1665 1059 1737 ότι

103 1776 168 1836 νύν
178 1765 424 1853 Ἀριστογείτων
434 1780 501 1845 τοῖς
511 1769 573 1854 μέν
583 1769 814 1852 τήςένδείξεως
825 1771 961 1846 δικαίοις
972 1765 1060 1834 άπα-

104 1887 158 1934 σιν
188 1863 332 1950 ἥλωκεν,
352 1867 463 1952 ἕτερος
475 1863 505 1933 δ’
521 1863 630 1942 οὐδεὶς
646 1869 734 1931 ἔστιν
752 1861 889 1943 άνεκτός
899 1862 990 1956 αὐτῷ
1001 1865 1060 1934 λό-

104 1993 178 2051 γος,
202 1965 423 2049 περὶτούτων
441 1962 558 2053 ῥηίδιον
575 1963 711 2043 διδάξαι.
747 1968 843 2032 δυοῖν
859 1963 923 2049 γάρ
936 1963 1059 2050 όντοιν,
1141 1958 1143 1963 ’

105 2057 458 2149 άάνδρεςἈθηναλοι,
483 2055 533 2130 τόν
548 2064 647 2131 ἕνεκα
665 2063 786 2141 πάντες
798 2069 946 2131 τίθενται
958 2068 992 2131 οί
1000 2064 1060 2130 νό-

104 2191 169 2249 μοι,
182 2169 243 2229 τοῦ
255 2188 289 2228 τε
300 2164 428 2247 μηδένα
440 2162 543 2247 μηδὲν
555 2159 575 2229 δ
584 2162 628 2247 μή
641 2161 773 2229 δίκαιόν
783 2164 851 2228 ε’στι
864 2175 986 2247 ποιεῖν,
1005 2163 1061 2229 καὶ

104 2268 167 2327 τοῦ
183 2261 263 2339 τούς
280 2266 547 2346 παραβαίνοντας
562 2265 667 2324 ταῦτα
685 2260 926 2343 κολαζομένους
950 2264 1060 2345 βελτί-

107 2384 165 2434 ους
176 2353 255 2434 τούς
267 2355 389 2435 ἄλλους
400 2368 518 2440 ποιεῖν,
526 2353 727 2441 ἀμφοτέροις
736 2355 866 2435 τούτοις
876 2349 975 2435 οὗτος
984 2361 1061 2424 ἕνο-

106 2482 163 2541 χος
182 2451 231 2523 όν
248 2455 442 2542 φανήσεται.
474 2457 527 2523 ἐπὶ
543 2455 604 2540 μὲν
621 2451 686 2539 γάρ
704 2450 753 2533 οἷς
770 2456 803 2534 ἐξ
819 2452 921 2542 ἀρχῆς
932 2460 1058 2542 παρέβη

106 2552 186 2632 τούς
204 2553 346 2640 νόμους,
368 2553 408 2621 τά
426 2551 595 2639 ὀφλήματ’
608 2551 697 2643 αὐτῷ
714 2557 867 2638 γέγονεν·
891 2556 943 2623 ἐπὶ
960 2552 992 2622 δ’
1011 2551 1060 2633 οἷς
1071 2567 1121 2623 775

107 2651 169 2722 οὐκ
181 2655 311 2740 ἐμμένει
322 2652 462 2739 τούτοις,
483 2659 547 2720 νῦν
557 2655 611 2721 ἐπὶ
620 2653 683 2740 τήν
694 2649 768 2739 παρ’
780 2652 877 2740 ὑμῶν
888 2651 1001 2739 άγεται
1011 2680 1063 2720 τι-

107 2758 253 2839 μωρίαν,
277 2749 360 2818 ὥστε
377 2757 541 2839 μηδεμιάν
559 2759 816 2820 καταλείπεσθαι
834 2752 1004 2840 πρόφασιν
1021 2749 1059 2819 δι’

65 2848 151 2937 ιεήν
162 2850 205 2916 άν
216 2876 264 2929 τις
275 2847 380 2919 αὐτόν
391 2850 498 2937 άφείη.
523 2849 675 2939 οὐδὲγάρ
687 2844 733 2918 αύ
744 2850 834 2921 τοῦτ’
843 2858 933 2920 ἔστιν
944 2858 1060 2936 εἰπεῖν,

109 2947 153 3028 ὠς
170 2947 220 3035 ἄρ’
234 2952 269 3016 ἐκ
287 2950 416 3018 τούτων
434 2947 534 3019 οὐδέν
549 2949 570 3038 ἡ
583 2951 678 3030 πόλις
688 2952 874 3038 βλάπτεται.
910 2949 973 3036 ἐγω
983 2949 1060 3035 γάρ,

108 3046 230 3134 ὅτιμὲν
244 3046 342 3114 πάντ’
355 3046 539 3117 άπόλλυται
549 3047 590 3116 τά
602 3057 659 3135 τῆς
671 3050 798 3127 πόλεως
816 3046 1007 3133 ὀφλήματα,
1032 3051 1063 3114 εί

108 3145 147 3214 τά
159 3145 282 3214 τούτου
298 3152 485 3232 σοφίσματα
497 3150 731 3232 προσδέξεσθε,
744 3149 797 3214 καὶ
809 3145 876 3231 ότι,
890 3150 920 3212 εί
933 3143 999 3229 άρα
1011 3149 1063 3212 δεῖ

107 3242 200 3325 τινάς
212 3249 247 3313 έκ
258 3253 327 3314 τοῖν
337 3242 543 3330 ὀφειλόντων
554 3244 698 3331 άφιέναι,
711 3241 789 3322 τούς
800 3242 1061 3322 ἐπιεικεστάτους

108 3346 164 3411 καὶ
174 3350 365 3432 βελτίστους
381 3345 437 3411 καὶ
452 3344 530 3423 τούς
541 3346 593 3412 ἐπὶ
604 3358 672 3423 τοῖς
683 3340 799 3429 ἥκιστα
813 3347 933 3420 δεινοῖς
944 3340 1059 3428 ύφλη-

108 3444 217 3531 κότος,
229 3441 368 3522 τούτους
379 3440 513 3529 άφιέναι
524 3448 589 3528 δεῖ,
608 3441 682 3529 οὐχὶ
691 3439 752 3510 τόν
765 3440 994 3528 πονηρότατον
1003 3442 1060 3507 καὶ
