2370 3854
287 218 427 280 ΠΡΟΣ
454 218 861 283 ΠΛΝΤΑΙΝΕΤΟΝ.
988 222 1052 285 439

96 372 220 458 ποίας
201 374 303 487 unck.
310 374 479 484 εἰσάγειν
447 405 499 456 τας
510 385 610 457 δίκας·
632 386 834 447 Πανταίνετον
845 387 879 449 δέ
888 407 960 490 φησι
963 410 1052 490 παρα

97 472 203 531 τοῦτον
219 473 316 529 ποιεῖν
331 459 384 529 τόν
399 461 507 546 νόμον,
526 468 648 529 ποικίλα
659 464 825 549 ἐγκλήματα
836 472 876 543 είς
886 464 994 535 ταότδν
1003 474 1050 552 μί-

96 554 189 627 ξαντα
204 550 255 612 καί
265 549 385 651 περλ’
340 572 463 613 παντων
474 549 506 612 ἒν
516 573 557 633 ιφ
543 555 735 660 μεταλλικῷ
743 549 963 652 δικαστηρίω
931 581 1003 658 την
997 580 1050 618 κα-

31 638 35 645 ’
96 636 250 738 τηγορξαν
256 629 441 715 ποιούμενον.
470 657 511 718 τφ
532 624 639 715 μὲν
602 658 658 697 ουν
670 636 737 719 περὶ
753 643 805 717 τῆς
821 618 1003 717 ἀφέσεως’
968 664 1050 726 νομφ

97 711 190 864 καῖ’
178 711 270 818 ἀρχάς
280 716 432 819 κέχρηται,
454 724 514 791 τοῖς
525 718 557 781 δὲ
568 713 622 781 δόο
631 727 692 794 τοῖς
704 719 810 802 ἑτέροις
821 722 868 784 έπλ
878 746 930 785 τον
917 702 1049 824 τέλους,

95 827 158 967 355„
172 794 462 986 αίίδῖίὲἓφῖήῗ
416 801 1048 993 λέλόῖλῖίρίλλληῖί,λήγίήλῗοῖἶίι

95 964 284 1070 ἰσχυρότατόν
300 947 433 1047 ἕστιν,”
416 991 461 1030 οτι
475 968 550 1048 μηδὲ
566 969 716 1051 ἐπιδημῶν
732 967 912 1076 έτόγχανε’
878 998 941 1038 τοτε
952 971 1047 1038 Νικό-
1058 985 1110 1044 966

93 1056 209 1134 βουλος,
220 1046 471 1126 ότεΠανταίνετος
483 1052 606 1134 έπασχεν
614 1050 830 1136 έκεῖνωέφόί
797 1053 914 1132 οςτότε
925 1053 988 1122 Πάέ
987 1084 1049 1147 ργφ

94 1137 194 1199 καλ
156 1160 213 1199 νον
223 1129 446 1221 Νικοβοόλμ
413 1160 470 1217 την
480 1138 512 1198 δί
498 1139 603 1216 ίικην
578 1140 698 1218 εἴληχεν

177 1365 403 1451 Δεδωκότοιν,
422 1391 448 1432 ω
436 1357 580 1450 ἀνδρες
590 1367 755 1451 δικασταὶ,
778 1375 846 1434 τοῖν
858 1369 973 1456 νόμων
984 1394 1048 1438 πα-

92 1467 333 1552 ραγράψασδαι
350 1455 472 1548 περὶ
444 1490 493 1530 ων
509 1460 551 1530 ἀν
567 1488 616 1542 τις
626 1459 721 1548 ἀφεὶς
732 1416 787 1531 ἀνί
798 1463 985 1547 ἀπαλλάξας
996 1473 1048 1535 δι-

91 1564 243 1652 κάζηται,
264 1565 496 1649 γεγενημένων
513 1559 708 1646 ἀμφοτέρων
726 1586 782 1647 μοι
798 1564 943 1650 τούτων,
963 1565 1047 1688 πρὸς

91 1671 317 1733 Πανταίνετον
328 1662 462 1730 τουτονὶ
473 1660 745 1747 παρεγραψάμην,
759 1688 803 1741 ως
812 1659 971 1749 ηκουσατ
984 1663 1046 1752 ἀρ-

91 1769 184 1847 τίως,
207 1761 250 1849 μή
269 1759 491 1846 εἰσαγώγιμον
507 1756 591 1824 εἶναι
607 1755 668 1844 τήν
685 1763 797 1846 δίκην,
821 1758 884 1828 οὐκ
895 1763 1046 1848 οίόμενος

91 1866 163 1930 δεῖν
178 1858 339 1947 ἀφεῖσθαι
348 1864 410 1925 τοῦ
421 1861 553 1925 δικαίου
563 1856 699 1945 τούτου,
722 1856 809 1945 οὐδ’,
832 1859 1046 1943 έπειδάνέξε-

90 1964 193 2045 λέγξω
216 1954 299 2046 πρὸς
323 1955 427 2024 ἀπασι
446 1969 514 2035 τολς
535 1954 647 2035 ἀλλοις
669 1958 722 2025 καὶ
744 1956 904 2043 ἀφεικότα
925 1967 1046 2029 τοῦτον

91 2053 235 2143 ἐμαυτόν
245 2056 300 2124 καὶ
311 2052 580 2142 ἀπηλλαγμένον,
599 2059 791 2141 ἐγγενέσθαι
802 2057 908 2146 τούτῳ
920 2056 964 2143 μή
976 2058 1045 2144 φά-

91 2176 183 2227 σκειν
199 2153 311 2241 ἀληθῆ
327 2180 367 2240 με
384 2157 508 2240 λέγειν,
530 2156 585 2221 καλ
600 2164 768 2221 ποιεῖσθαι
788 2156 966 2241 τεκμήριον
987 2154 1042 2242 ἀς,

91 2264 183 2341 είπερ
201 2252 350 2341 ἐπράχθη
362 2280 392 2321 τι
403 2260 573 2340 τοιοῦτον,
596 2250 861 2338 παρεγραψάμην
872 2248 914 2320 ἀν
926 2250 1040 2341 αὐτὸν,

90 2350 162 2422 ἀλλ’
183 2356 235 2422 ἐπὶ
245 2353 365 2439 ταύτης
375 2360 433 2438 τῆς
443 2352 596 2438 σκήψεως
607 2347 770 2418 είσελδοδν
780 2348 951 2436 ἀμφότερα
962 2349 1043 2438 ὑμῖν

90 2454 262 2536 ἐπιδεῖξαι,
288 2455 343 2519 καλ
362 2448 407 2530 ἀς
426 2447 525 2519 οὐδέν
541 2447 683 2536 ήδίκηκα
700 2450 885 2518 τοῦτονκαὶ
898 2447 941 2529 ὥς
952 2448 1041 2536 παρά

63 2547 148 2626 κτδν
159 2551 266 2637 νόμον
276 2576 333 2635 μοι
344 2549 515 2630 δικάζεται.
547 2553 578 2616 εί
586 2549 648 2636 μέν
657 2541 721 2616 οὖν
732 2548 910 2616 ἐπεπόνθει
920 2576 951 2617 τι
961 2550 1043 2617 τού-

88 2676 156 2718 των
171 2656 392 2727 Πανταίνετος
414 2640 464 2715 οἷν
484 2655 550 2715 νῦν
571 2650 715 2733 ε’γκαλελ,
738 2645 810 2714 κατ’
835 2649 982 2726 ἐκείνους
999 2644 1042 2716 ἀν

87 2748 166 2829 τούς
182 2750 323 2836 χρόνους
341 2745 447 2828 εὐθὺς
463 2748 616 2835 ἐφαίνετό
634 2775 689 2834 μοι
700 2747 924 2834 δικαζόμενος,
947 2751 983 2815 έν
994 2744 1043 2827 οἷς

87 2845 124 2918 τό
138 2847 343 2935 συμβόλαιον
353 2844 434 2934 ήμλν
444 2846 527 2932 πρὸς
539 2845 704 2935 ἀλλήλους
711 2848 852 2935 ἐγένετο,
861 2844 973 2916 οάσοῑν
981 2848 1043 2934 μὲν

88 2943 244 3031 ἐμμήνων
258 2946 389 3015 τούτων
405 2953 602 3033 τάνδικιῖν,
625 2947 877 3032 ἐπιδημούντων
895 2945 928 3013 δ’
949 2944 1043 3031 ήμῶν

88 3038 302 3131 ἀμφοτέρων,
324 3043 484 3112 ἀπόντων
506 3043 539 3111 δ’
561 3043 754 3129 ἀνθρώπων
772 3043 943 3112 εἰωθότων
961 3040 1041 3125 παρ’

88 3138 173 3208 αότά
200 3139 402 3228 τάδικήματα
429 3149 557 3229 μᾶλλον
581 3137 603 3225 ή
623 3140 755 3224 χρόνων
776 3141 1042 3225 ἐγγεγενημένων

88 3237 294 3325 ἀγανακτεῖν.
323 3240 433 3327 ἐπειδή
445 3244 481 3308 δὲ
492 3237 592 3307 οὐδέν
602 3234 816 3324 ήδικημένος,
829 3235 873 3316 ἀς
883 3239 938 3304 καὶ
948 3234 1041 3320 ὑμεῖς
1049 3249 1098 3307 967

86 3336 150 3407 οἶδ’
165 3338 215 3406 δτι
227 3339 348 3425 φήσετε
359 3338 492 3408 έπειδάν
505 3335 545 3406 κά
557 3340 771 3422 πεπραγμένα
790 3336 969 3423 ἀκούσητε,
992 3342 1038 3422 τῷ

84 3444 296 3522 κατορθῶσαι
308 3435 369 3523 τήν
379 3436 463 3523 πρός
474 3436 623 3523 Εὔεργον
635 3436 733 3521 δίκην
743 3436 924 3524 ἐπηρμένος
935 3451 1040 3500 συκο-
