2370 3854
269 212 414 274 ΚΑΤΑ
434 212 898 275 ΑΡΙΣΤΟΚΡΑΤΟῬΣ.
997 211 1056 275 151

101 369 144 442 δν
160 373 389 458 πεφενάκισθε
405 370 466 440 ὑπ’
486 370 608 459 αὐτοῦ,
630 373 688 451 τάς
705 375 838 456 πράξεις
856 385 1058 458 σκοπείσθω,

57 486 91 541 11
102 471 245 555 πότερον
265 478 441 557 γεγονυίας
461 468 484 557 ἦ
504 475 637 552 ψευδεῖς
658 475 739 556 ἐρεῖ·
762 470 844 540 ὅταν
866 475 899 540 δ’
922 473 1057 553 ἐξετάζω

101 573 177 654 περὶ
197 578 260 638 τοῦ
277 572 461 656 συμφέρειν
473 566 495 656 ἢ
506 570 550 657 μή
562 576 602 660 τῇ
613 570 708 638 πόλει
717 579 821 638 ταῦτα
832 580 1056 658 ψηφίσασθαι,

99 695 210 739 ποντα
227 668 330 736 τάλλα
347 667 443 756 άφελς
459 669 539 748 τοὺς
555 667 734 755 λογισμοδς
751 666 859 756 ὁράτω
882 667 961 748 τούς
981 672 1058 755 περὶ

100 770 241 857 τούτων,
256 766 364 855 πάτερ’
377 767 492 856 ὀρθῶς
502 775 635 854 ἔχοντας
646 777 805 854 ποιοῦμαι
817 763 837 854 ἦ
848 766 899 836 οὔ.
923 766 983 835 ἐάν
993 768 1056 852 γάρ

99 875 222 936 τοῦτον
232 874 362 953 ἔχοντες
371 869 432 935 τὸν
442 868 569 954 τρόπον
580 867 796 954 ἀκροάσησθέ
803 892 885 953 μου,
910 866 1009 934 αὐτοί
1022 893 1057 934 τε

99 965 218 1052 ἄριστα
237 965 431 1054 άπροσήκει
442 966 620 1054 συνήσετε,
644 971 743 1054 χωρίς
753 968 874 1035 ἕκαστα
887 975 1058 1036 σκοποῦν-

98 1091 152 1144 τες
163 1068 218 1132 καὶ
228 1063 289 1150 οὐχ
300 1065 368 1153 άμα
379 1067 487 1134 πάντα
497 1066 610 1151 άδρόα
620 1069 832 1154 ἐξετάζοντες,
844 1066 936 1152 αάγά
949 1071 1056 1157 ῥᾷστα

98 1161 121 1231 δι’
141 1164 305 1253 βούλομαι
326 1167 513 1254 δυνήσομαι
535 1167 675 1246 διδάξαι.
714 1172 845 1234 ἔσονται
866 1166 902 1234 δὲ
923 1173 1055 1253 βραχεῖς
1097 1167 1102 1175 ’

98 1264 173 1345 περὶ
185 1262 321 1331 πάντων
332 1269 367 1331 ολ
374 1265 476 1350 λόγοι.

55 1387 89 1441 22
185 1363 276 1448 Λαβδ
288 1365 327 1448 δή
340 1361 418 1440 τούς
428 1361 553 1448 νόμους
565 1361 688 1443 αὐτοὺς
705 1366 760 1430 καὶ
776 1367 865 1448 λέγε,
888 1361 932 1429 ἵν’
948 1365 979 1442 ἐξ
991 1360 1055 1429 αὐ-

99 1469 167 1529 τῶν
178 1462 374 1529 ἐπιδεικνύω
386 1461 516 1530 τούτων
525 1461 562 1530 τὸ
574 1460 779 1547 παράνομον.

98 1635 270 1698 ΝΟΜΟΣ
297 1639 356 1699 ΕΚ
387 1638 485 1700 ΤΩΝ
507 1638 727 1701 ΦΟΝΙΚΩΝ
753 1638 931 1700 ΝΟΜΩΝ
959 1637 1057 1698 ΤΩΝ

366 1737 422 1810 ΕΞ
439 1738 609 1800 APEIOY
626 1738 788 1800 ΠΑΓΟῬ

225 1859 335 1942 [Λικάζ
318 1869 377 1940 ζειν
394 1859 474 1928 δὲ
442 1890 498 1948 την
514 1859 669 1948 βουλην
638 1890 693 1947 την
705 1866 737 1928 ἐν
745 1858 846 1968 Ἀρείιμ
860 1858 948 1949 πάγῳ
960 1857 1055 1941 φόνου

139 1971 190 2008 και
209 1944 380 2095 τραάματοςί
389 1951 421 2012 ἐκ
436 1953 578 2054 προνοίας
595 1951 645 2013 καὶ
656 1955 804 2034 πυρκαϊᾶς
815 1927 866 2011 καί
877 1944 1053 2030 φαρμάκων,

140 2026 193 2092 ἐάν
203 2057 246 2106 τις
258 2025 380 2097 άποιιτεί
378 2059 416 2120 νχχ
429 2030 519 2116 δυάς]

52 2177 88 2229 23
179 2154 331 2242 Ἐπίσχες.
361 2156 525 2243 ἠκούσατε
537 2159 597 2244 μὲν
614 2185 675 2226 του
686 2185 721 2226 τε
733 2183 840 2242 νομου
851 2159 907 2224 κα
915 2181 976 2222 του
964 2164 1055 2241 ’ψη-

97 2262 275 2339 φίσματος,
298 2248 326 2320 οἶ
344 2253 463 2339 άνδρες
473 2256 659 2341 Ἀθηναῖοι·
681 2254 725 2333 ὡς
742 2255 775 2322 δ’
794 2253 838 2322 άν
855 2280 911 2338 μοι
928 2258 1054 2320 δοκεῖτε

96 2378 175 2428 τους
186 2354 260 2433 περι
269 2376 328 2417 του
339 2353 537 2438 παρανομου
545 2354 666 2436 λογους
675 2352 910 2441 αυτονςραστα
918 2360 1051 2438 μαθειν,

98 2545 221 2617 ἐστίν’
204 2553 287 2673 νπὲρ
306 2544 349 2618 οὗ
366 2548 402 2618 τδ
426 2550 580 2639 ψήφισμα
601 2562 743 2640 είρχται,
770 2551 894 2635 πότερα
915 2544 1051 2630 {s‘voe'N
1030 2576 1049 2635 η

98 2653 248 2735 μέτοικος
258 2678 280 2738 η
267 2647 426 2738 ἰπολίτης
436 2655 535 2721 ἐστίν.
559 2678 574 2720 ε
576 2651 660 2738 ίμίν
671 2652 711 2739 δὴ
722 2653 875 2738 μέτοικον
887 2648 1049 2736 φήσομεν,

97 2749 159 2818 οὐκ
171 2755 315 2836 ἐροῦμεν
325 2750 438 2838 ἀληθῆ
444 2803 453 2836 ,
474 2758 505 2821 εί
514 2750 545 2820 δ’
560 2746 605 2820 αὖ
618 2757 729 2837 ξένον,
748 2747 820 2835 οὐχί
833 2754 943 2817 δίκαια
954 2746 1112 2834 noui-528

98 2872 214 2935 σομεν·
236 2852 299 2937 τὴν
315 2850 380 2937 γάρ
397 2859 459 2919 τοῦ
476 2852 584 2939 δήμου
601 2848 747 2937 δωρεάν,
771 2839 840 2938 ἕνῇ
850 2856 985 2934 πολίτης
995 2849 1052 2931 γε’-

96 2973 191 3033 γονε,
203 2956 324 3033 κυρίαν
336 2948 427 3040 αὐτῷ
438 2952 569 3020 δίκαιόν
579 2954 670 3019 ἐστιν
680 2948 774 3018 εἶναι.
804 2946 848 3027 ὡς
860 2947 943 3031 ὑπὲρ
955 2953 1053 3014 πολί-

51 3076 88 3131 24
97 3073 157 3113 του
168 3052 301 3131 τοίνυν,
328 3046 372 3127 ὥς
384 3053 485 3131 ἔοικε,
505 3053 660 3135 ποιητέον
669 3047 748 3127 τούς
758 3048 888 3133 λόγους.
922 3042 1051 3111 θεάσα-

97 3155 160 3213 σθε
174 3144 214 3233 δὴ
227 3146 309 3230 πρὸς
320 3146 403 3227 Διὸς
414 3146 457 3224 άς
475 3146 587 3226 ἁπλοῖς
601 3151 658 3217 καί
676 3153 809 3226 δικαίως
824 3145 988 3232 χρήσομαι
1005 3150 1052 3231 τῷ

94 3247 200 3335 λόγῳ,
227 3241 264 3324 δς
280 3251 325 3324 είς
336 3246 397 3333 μέν
407 3246 533 3333 ταύτην
542 3254 677 3333 τίθεμαι
686 3244 749 3332 τὴν
761 3245 854 3324 τάξιν
864 3240 969 3311 αὐτὸν
979 3234 1051 3331 ένῇ

95 3352 248 3430 πλείστης
259 3340 302 3410 άν
313 3344 471 3429 τυγχάνοι
480 3352 592 3432 τιμῆς,
615 3342 679 3413 ἅδ’
694 3342 769 3412 οὐδ’
781 3342 862 3432 ἡμῖν
878 3356 947 3422 τοῖς
962 3343 1050 3427 γένει

95 3449 241 3522 πολίταις
259 3445 365 3531 ἐστίν,
388 3441 463 3512 οὐδ’
482 3447 598 3533 ἐκείνω
610 3447 680 3512 δεῖν
691 3441 781 3529 οἶμαι
791 3445 949 3528 γενέσθαι
960 3463 1050 3524 παρα
