2370 3854
244 241 387 301 ΚΑΤΑ
408 239 813 302 ΑΝΔΡΟΤΙΩΝΟΣ.
943 239 1004 303 183

47 401 193 492 Ἀρχίου,
207 405 334 486 ἐρωτᾶν
346 398 452 469 αὐτὸν
462 409 577 487 ταῦτα,
589 397 611 467 ἀ
622 399 842 487 κατηγόρηται
851 408 910 488 τῆς
921 407 1007 488 βου-

54 513 124 590 λής,
145 499 254 587 πότερ’
268 498 360 590 αὐτῷ
371 503 465 569 δοκεῖ
472 506 582 578 καλῶς
592 503 680 586 ἔχειν
689 495 712 585 ή
722 509 845 579 κακῶς·
868 497 933 568 κάν
945 500 1068 587 μὲνσοσ

55 610 105 688 φή
115 606 236 678 καλᾶς,
247 601 363 685 μηκέτι
374 596 436 667 τάν
447 605 533 667 νοῦν
545 595 591 677 ἀς
601 602 739 666 ἐπιεικεῖ
746 601 937 685 προσέχειν,
963 597 1007 666 ἀν

49 702 92 769 ,δὲ
104 707 225 782 κακᾶς,
238 704 273 766 τί
283 696 323 784 δή
335 695 429 784 ταῦτ’
445 707 496 766 εία
508 697 650 784 φάσκων
661 695 805 783 ἐπιεικής
823 697 923 784 εἶναι,
941 699 1008 765 πά-

10 828 44 878 41
56 809 111 868 λιν
122 795 229 866 αάτδν
239 801 390 886 ἐρωτᾶτε.
414 793 479 864 κάν
490 796 551 882 μὲν
562 799 695 864 ἐναντία
706 798 815 881 λέγειν
827 803 893 885 φή,
906 798 1009 882 μηδέ-

57 926 100 967 να
112 896 143 965 δ’
158 896 250 987 αὐτῷ
264 902 455 982 πείθεσθαι,
468 895 595 987 ἀτοπον
606 894 715 981 δήπου
726 901 792 962 νῦν
803 897 913 978 λέγειν
922 893 1008 978 ὑπὲρ

58 1006 116 1083 τῆς
131 994 172 1062 τά
190 998 343 1082 βέλτιστα
364 993 437 1081 οὐχὶ
458 996 660 1081 πειθομένης
677 996 785 1084 ἐαυτῷ
801 1001 942 1080 βουλῆς·
965 989 1010 1059 ἀν

58 1097 95 1164 δὲ
103 1103 241 1181 σιωπᾶν,
250 1103 319 1174 πως
330 1093 393 1163 οάκ
405 1094 521 1179 ἀδικεῖ,
533 1100 563 1162 εί
571 1090 923 1179 παρὸνέξαμαρτάνειν
931 1097 1011 1177 μέλ-

57 1204 178 1274 λοντας
187 1191 387 1279 ἀποτρέπειν
396 1203 495 1264 τοῦτο
507 1194 569 1280 μέν
580 1191 642 1260 οάκ
654 1196 767 1277 ἐποίει,
779 1201 845 1260 νῦν
856 1193 891 1260 δὲ
901 1194 1011 1277 λέγειν

57 1299 164 1382 τολμᾷ
176 1291 219 1371 ὡς
231 1297 284 1361 δεῖ
295 1291 374 1371 τοὺς
384 1299 531 1360 τοσαῦτα
542 1290 628 1358 κακά
640 1293 876 1377 εἰργασμένους
887 1309 1011 1375 στεφα-

58 1398 179 1469 νᾶσαι,

13 1517 48 1569 42
147 1488 247 1575 Οἶμαι
257 1496 374 1556 τοίνυν
384 1485 489 1556 αὐτὸν
507 1485 582 1556 οὐδ’
595 1490 734 1556 ἐκείνων
750 1484 933 1572 ἀφέξεσθαι
944 1495 1011 1561 τῶν

59 1587 181 1675 λόγων,
194 1587 245 1657 ὅτι
256 1596 360 1656 ταῦτα
371 1583 465 1656 πάντ’
477 1585 571 1677 αὐτῷ
581 1584 635 1654 διά
645 1583 704 1666 τάς
719 1585 903 1672 εἰσπράξεις
912 1589 1011 1671 γέγο-

59 1715 135 1771 νεν,
158 1685 199 1766 ἀς
218 1685 303 1772 ὑπὲρ
325 1685 422 1774 ἀμᾶν
437 1685 572 1773 ὀλίγους
589 1692 762 1770 εἰσπρᾶξαι
785 1686 886 1773 φήσει
902 1683 1009 1753 πολλοὶ

59 1784 198 1873 χρήματ’
212 1784 358 1866 ἀναιδῶς
369 1785 410 1855 οά
427 1792 590 1866 τιθέντας.
622 1789 677 1854 καὶ
693 1785 913 1872 κατηγορήσει
929 1785 1011 1853 τού-

59 1912 143 1972 των,
158 1894 294 1972 πρᾶγμα
304 1887 438 1977 ῥηίδιον,
457 1885 568 1973 οἶμαι,
582 1885 860 1972 διαπραξάμενος,
878 1891 948 1952 τᾶν
964 1882 1009 1971 μή

59 1986 222 2051 τιθέντων
232 1983 291 2063 τάς
303 1986 477 2072 εἰσφοράς,
499 1986 556 2053 καὶ
572 1985 672 2071 φήσει
688 1993 800 2053 πᾶσαν
810 1984 927 2053 ἀδειαν
937 1988 1011 2050 ἐσε-

60 2092 142 2150 σθαι
152 2091 214 2151 τοῦ
231 2081 275 2170 μή
288 2088 419 2156 τιθέναι
433 2084 492 2161 τάς
511 2087 685 2172 εἰσφορᾶς,
708 2089 739 2151 εί
748 2091 1011 2169 καταιγηφιείσθε

16 2198 49 2249 43
60 2179 173 2249 αὐτοῦ.
192 2179 286 2267 ὑμεῖς
297 2180 341 2266 δ’,
355 2173 700 2267 ἀάνδρεςἈθηνατοι,
709 2187 844 2265 πρῶτον
854 2180 915 2265 μὲν
926 2184 1011 2246 ἐκεῖ·

59 2305 98 2348 νο
110 2283 326 2365 ἐνθυμεῖσθε,
335 2279 386 2347 ὅτι
397 2277 438 2346 οά
449 2281 525 2363 περὶ
535 2277 664 2345 τούτων
675 2275 822 2345 δικάσειν
833 2275 1011 2363 ὀμωμόκα-

59 2402 111 2460 τε,
135 2374 202 2443 ἀλί
217 2383 247 2444 εί
262 2375 345 2443 κατά
362 2376 443 2454 τούς
458 2376 584 2462 νόμους
599 2376 637 2443 τὸ
650 2375 804 2462 υήφισμα
815 2373 921 2463 εἶπεν,
947 2373 1008 2445 εἶθ’

61 2472 114 2543 ὅτι
136 2473 319 2541 πάνδεινόν
342 2478 428 2560 ἐστι,
452 2481 653 2562 κατηγορίαν
665 2474 869 2565 ποιούμενον
880 2475 924 2554 ἀς
936 2474 1011 2544 ἀδι-

60 2579 161 2641 κοᾶσί
167 2600 255 2653 τινες
264 2573 327 2660 τήν
338 2574 446 2660 πόλιν,
470 2571 574 2644 αὐτὸν
591 2571 707 2655 ἀξιοῦν
720 2565 769 2641 ἀν
781 2571 893 2642 ἀδικεῖ
899 2574 1009 2660 μειζό-
1129 2566 1132 2571 ’

60 2698 131 2739 νων
142 2670 252 2740 ὄντων
262 2671 306 2759 μή
320 2677 441 2742 δοῦναι
458 2677 571 2760 δίκην·
593 2673 681 2742 πολὺ
692 2671 756 2759 γάρ
774 2673 883 2760 δήπου
900 2674 1011 2760 μεῖζόν

61 2767 130 2837 ἐστ’
143 2766 288 2856 ἀδίκημα
298 2771 442 2858 γράφειν
452 2771 542 2858 παρά
559 2771 638 2851 τούς
655 2772 779 2859 νόμους
790 2768 812 2859 ή
823 2771 884 2860 τήν
896 2780 1012 2858 εἰσφο-

17 2892 52 2945 ις
63 2866 128 2952 ράν
144 2868 188 2954 μή
207 2872 346 2939 τιθέναι.
381 2869 434 2939 ὅτι
447 2876 565 2941 τοίνυν
577 2869 652 2940 οὐδ’
667 2878 698 2940 εί
712 2879 865 2960 φανερῶς
877 2877 1012 2959 ἔμελλεν

62 2965 202 3047 ἁλόντος
213 2968 336 3039 τούτου
354 2974 467 3058 μηδείς
484 2976 639 3040 είσοίσειν
655 2969 734 3058 μηδ’
752 2971 926 3058 ἐθελήσειν
943 2977 1013 3038 είσ-

61 3066 235 3153 πράττειν,
259 3065 334 3136 οὐδ’
347 3068 454 3148 οὕτως
466 3067 734 3157 ἀποψηφιστέον,
759 3074 795 3137 ἐκ
806 3067 1012 3152 τᾶνδεγνά-

61 3175 172 3233 σεσθε.
201 3160 283 3250 ὑμῖν
293 3165 382 3252 παρὰ
393 3165 452 3247 τάς
463 3166 622 3253 εἰσφορὰς
635 3164 693 3247 τάς
712 3165 777 3236 ἀπὸ
790 3172 1011 3254 Ναυσινίκου,

61 3261 134 3350 παρ’
148 3273 227 3344 ίσως
237 3264 381 3333 τάλαντα
398 3267 571 3351 τριακόσια
585 3261 728 3356 ήμικρῷ
745 3271 862 3347 πλείω,
884 3271 1012 3352 ἐλλειμ

60 3389 105 3447 μα
115 3367 254 3445 τέτταρα
264 3368 319 3433 καί
329 3367 408 3433 δέκα
418 3368 487 3435 ἐστὶ
497 3365 652 3452 τάλαντα,
666 3356 714 3433 ἀν
728 3360 808 3433 ἑπτά
819 3352 917 3443 οὗτος
928 3369 1013 3432 εἰσέ-
1020 3380 1071 3438 607

59 3467 194 3548 πραξεν,
208 3461 272 3548 ἐγώ
285 3462 320 3531 δέ
330 3470 446 3551 τίθημι
458 3463 598 3534 ἅπαντα.
633 3467 685 3534 ἐπὶ
701 3463 762 3551 μὲν
774 3460 815 3551 δή
825 3467 904 3544 τούς
915 3464 1012 3533 ἐκόν-
