2370 3854
345 210 487 272 ΠΡΟΣ
506 207 802 270 ΦΟΡΜΙΩΝΑ.
991 211 1054 272 399

102 373 231 440 διέθετο
258 367 552 456 προσκοινωνήσας
578 367 685 457 τούτῳ
707 366 772 436 άπό
796 377 865 437 τῶν
885 366 1054 457 ἡμετέρων

57 489 91 545 37
100 467 286 557 χρημάτων.
308 470 363 537 καὶ
374 463 462 534 ταῦτ’
477 472 635 552 ἔπραξεν,
649 460 809 552 όᾶνδρες
819 471 985 554 δικασταί,
1003 476 1053 537 οί·

101 566 242 654 κεῖν-μὲν
259 563 461 653 Ἀθήνησιν,
484 562 587 651 ούσης
605 563 638 632 δ’
650 561 746 656 αύτῷ
759 566 918 652 γυναικός
930 569 1053 635 ἐνθάδε

100 668 156 734 καί
167 669 312 748 παίδων,
327 671 403 733 τόν
421 662 458 733 δὲ
468 661 584 749 νόμων
596 662 637 743 τά
649 670 768 750 ἔσχατα
779 669 921 750 ἐπιτίμια
932 690 1049 752 προτε·
1174 708 1177 713 -

100 763 282 847 δεικότων,
301 772 335 830 εί
347 789 396 842 τις
407 768 511 832 οίκοῖν
523 761 708 850 Ἀθήνησιν
718 761 841 832 ἄλλοσέ
849 788 906 831 ποι
917 766 1048 852 σιτηγή-

101 882 190 931 σειεν
200 857 222 947 ή
233 867 280 940 είς
288 859 326 930 τό
336 859 483 930 Ἀττικόν
495 863 666 949 ἐμπόριον,
680 867 727 931 ἔτι
739 860 771 930 δ’
780 867 816 931 ἐν
825 863 964 952 τοιούτῳ
976 890 1051 932 και-
1160 898 1163 903 ·

100 968 149 1048 ρχό
180 963 218 1030 ἐν
242 951 270 1050 ᾦ
286 957 382 1046 ὑμῶν
398 964 433 1028 oc
445 963 507 1046 μὲν
523 966 561 1030 ἐν
575 970 623 1052 τῷ
641 960 734 1031 ἄστει
755 968 925 1044 οἰκοῦντες
942 968 1052 1049 διεμε-

98 1067 241 1144 τροῦντο
252 1057 292 1126 τά
308 1058 430 1145 ἄλφιτα
447 1060 485 1128 ἐν
496 1068 542 1150 τῷ
560 1058 681 1151 χύδείφ,
704 1066 740 1130 οί
754 1059 786 1129 δ’
799 1065 892 1152 ἐντῷ
904 1071 1054 1149 Πειραιεῖ
1163 1054 1166 1059 ’

55 1224 60 1229 ,
100 1161 193 1252 ἐντῷ
205 1165 332 1248 νεωρίςο
344 1159 533 1245 ἐλάμβανον
548 1157 616 1227 κατ’
628 1158 753 1245 ὀβολόν
769 1159 849 1239 τούς
865 1160 987 1246 ἄρτους
996 1163 1052 1234 καὶ
1176 1216 1179 1221 .

100 1260 154 1327 ἐπὶ
170 1265 228 1345 τής
245 1264 375 1344 μακράς
391 1263 505 1342 στοάς,
527 1255 568 1324 τά
586 1257 709 1343 ἄλφιτα
725 1257 801 1327 καθ’
820 1258 975 1346 ἡμίεκτον
991 1287 1051 1346 με-

101 1358 278 1444 τρούμενοι
295 1360 351 1425 καὶ
366 1356 662 1442 καταπατούμενοι.
692 1360 747 1426 καὶ
764 1356 817 1426 ότι
832 1355 943 1447 άληδή
953 1361 1049 1445 λέγω,

100 1459 182 1542 λαβέ
190 1482 248 1541 μοι
257 1455 319 1543 τήν
328 1481 364 1523 τε
375 1462 561 1542 μαρτυρίαν
571 1461 626 1525 καὶ
636 1454 696 1526 τόν
705 1459 820 1543 νόμον.

352 1630 594 1693 ΜΑΡΊῪΡΙΑ.
619 1630 797 1691 ΝΟΜΟΣ.

55 1773 90 1828 38
183 1760 342 1842 Φορμίων
358 1759 477 1822 τοίνυν
498 1752 607 1842 τούτῳ
628 1751 799 1839 χριόμενος
820 1759 972 1840 κοινωνῷ
994 1754 1050 1819 καὶ
1178 1778 1180 1783 ·

97 1853 241 1940 μάρτυρι
251 1862 355 1922 οἴεται
365 1858 436 1921 δεῖν
452 1850 677 1939 άποστερήσαι
687 1848 728 1921 τά
741 1847 884 1938 χρήμαθ’
895 1847 996 1937 ἡμᾶς,
1018 1854 1053 1918 οἵ

96 1979 135 2038 γε
145 1960 358 2038 σιτηγοῦντες
370 1956 638 2038 διατετελέκαμεν
655 1957 701 2031 είς
717 1948 755 2019 τό
773 1948 935 2037 ὑμέτερον
946 1949 1050 2037 ἐμπό-

85 2077 183 2134 ριον,
194 2051 361 2135 καὶτριοῖυ
377 2052 441 2138 ήδη
453 2058 580 2136 καιρόν
598 2050 848 2136 κατειληφότων
869 2050 932 2136 τήν
948 2051 1048 2118 πόλιν

96 2152 133 2216 ἐν
144 2144 194 2228 οἷς
204 2145 299 2232 ὑμεῖς
308 2147 386 2225 τούς
396 2156 578 2234 χρησίμους
590 2157 635 2238 τῷ
647 2149 742 2235 δήμῳ
754 2151 934 2233 ἐξητάζετε,
948 2145 1047 2214 οὐδε-

97 2247 156 2325 νός
176 2246 308 2313 τούτων
325 2242 605 2331 ἀπολελείμμεθα,
628 2243 697 2313 ἀλλ’
714 2243 770 2311 ὅτε
790 2244 859 2330 μὲν.
872 2251 918 2322 είς
935 2244 1047 2331 Θήβας

94 2344 306 2427 Ἀλέξανδρος
324 2345 459 2432 παρήει,
477 2343 689 2429 ἐπεδώκαμεν
705 2341 786 2430 ύμῖν
803 2344 968 2413 τάλαντον
985 2341 1047 2426 άρ-

53 2474 88 2529 39
97 2449 229 2531 γυρίου,
248 2441 303 2511 ὅτε
321 2440 352 2510 δ’
366 2440 383 2509 ὁ
396 2457 484 2523 σίτος
501 2444 683 2530 ἐπετιμήθη
695 2443 860 2529 πρότερον
870 2448 925 2512 καὶ
936 2447 1048 2528 ἐγένε-

96 2569 134 2611 το
153 2544 326 2612 ἑκκαίδεκα
347 2545 518 2628 δραχμῶν,
542 2541 774 2628 εἰσαγαγόντες
796 2548 928 2620 πλείους
944 2537 1048 2628 ήμυ-

97 2649 191 2727 ρίους
200 2645 377 2726 μεδίμνους
387 2647 505 2725 πυράν
516 2643 774 2728 διεμετρήσαμεν
784 2637 865 2727 ύμῖν
875 2649 932 2726 τής
943 2651 1048 2707 καθε-

97 2748 254 2828 στηκυίας
276 2747 386 2827 τιμής,
409 2745 506 2809 πέντε
532 2744 689 2829 δραχμῶν
709 2740 768 2808 τὸν
789 2743 965 2827 μέδιμνον·
993 2740 1049 2806 καὶ

95 2848 200 2911 ταῦτα
211 2837 331 2918 πάντες
342 2849 411 2909 ίστε
422 2843 458 2907 ἐν
468 2847 514 2929 τῷ
525 2846 674 2929 πομπείςο
686 2840 972 2926 διαμετρούμενοι·
989 2837 1049 2904 πέ-

97 2961 175 3026 ρυσι
191 2938 223 3007 δ’
237 2946 284 3018 εἰς
299 2936 362 3026 τήν
378 2947 536 3007 σιτωνίαν
552 2938 614 3026 τήν
630 2936 715 3024 ύπὲρ
732 2945 793 3006 τοῦ
806 2938 913 3024 δήμου
923 2936 1048 3004 τάλαν-

96 3064 155 3108 τον
171 3036 257 3124 ὑμῖν
266 3036 478 3126 ἐπεδώκαμεν
494 3038 559 3123 ἐγω
576 3065 611 3106 τε
627 3036 711 3106 καλό
729 3035 883 3122 ἄδελφός.
915 3039 975 3103 καί
990 3059 1047 3120 μοι

96 3138 271 3224 άνάγνωθι
282 3137 411 3206 τούτων
421 3135 480 3217 τάς
489 3146 679 3226 μαρτυρίας.

440 3313 700 3375 MAPTYPIAI.

50 3459 86 3515 40
177 3434 273 3506 Ἀλλοὶ
284 3433 352 3524 μήν
363 3447 396 3505 εί
403 3462 440 3522 γε
452 3438 568 3507 δεῖκαὶ
579 3436 711 3516 τούτοις
720 3436 955 3523 τεκμαίρεσθαι
962 3479 972 3516 ,
985 3423 1047 3501 ούτι
1056 3443 1109 3499 91⁹
