2370 3854
182 221 242 286 108
384 224 455 280 XXI.
493 218 910 282 ΔΗΜΟΣΘΕΝΟΤΣ

180 391 278 451 τοῦτο
291 381 334 461 ὡς
345 383 472 460 ὄνειδος
483 382 662 469 προφέρειν
674 380 755 464 ἐμοὶ,
773 377 826 447 διά
839 378 1011 448 τούτωνδ’
1024 380 1133 451 αὐτόν

181 488 250 548 τῶν
261 478 396 564 ἀνδρῶν
409 479 526 561 άξιοῦν
537 486 706 563 σωθῆναις

124 596 172 651 191
268 579 358 664 Τάχα
368 587 485 646 τοίνυν
496 586 575 654 ἴσως
591 576 647 643 καὶ
657 572 698 642 τά
711 573 838 642 τοιαῦτ’
850 578 931 662 ἐρεῖ,
951 575 995 656 ὥς
1012 581 1132 665 ἐσκεμ-

180 680 264 759 μένα
285 679 339 744 καὶ
361 677 654 760 παρεσκευασμένα
676 673 786 740 πάντα
805 674 890 758 λέγω
906 683 980 741 νῦν.
1019 673 1085 761 ἐμοὶ
1097 674 1129 744 δ’

180 776 343 859 ἐσκέφθαι
360 773 439 859 μὲν,
462 766 624 858 ιέάνδρες
635 767 825 855 Ἀθηναῖοι,
847 773 931 856 φημί
942 775 998 840 καὶ
1008 772 1072 842 οὐκ
1085 769 1131 842 ὅν

180 870 437 957 άρνηδείην,ιιαλ
447 866 733 957 μεμελετηκέναιν’
743 866 789 948 οδς
799 871 879 956 ἐνῆν
888 869 1029 955 μάλιστα
1042 875 1130 957 ἐμοί·
1175 950 1177 955 .

181 972 236 1036 καί
251 967 316 1054 γάρ
334 965 378 1036 άν
394 961 582 1054 άθλιοςῆν,
605 973 636 1034 εί
643 974 780 1034 τοιαῦτα
792 966 915 1035 ποδῶν
925 971 982 1036 καὶ
993 968 1132 1055 πάσχων

179 1064 325 1152 ἠμέλουν
337 1061 386 1135 όν
397 1067 610 1155 περὶτούτων
621 1067 707 1151 ἐρεῖν
718 1072 857 1152 ἔμελλον
868 1065 951 1153 πρὸς
960 1063 1062 1152 ὑμεῖς·
1074 1092 1133 1151 γε·

124 1182 172 1235 192
181 1169 344 1251 χραφέναι
355 1168 468 1251 μέντοι
483 1191 539 1251 μοι
549 1161 722 1248 τὸνλόγον
732 1167 893 1231 Μειδίαν·
915 1163 933 1232 ὁ
947 1161 1011 1251 γάρ
1023 1162 1063 1230 τά
1075 1168 1133 1246 ἐρ-

180 1289 223 1346 χα
235 1262 464 1349 παρεσχηκάς,
482 1265 557 1350 περὶ
568 1254 618 1329 τόν
628 1268 712 1331 εἰσιν
723 1267 759 1331 oc
765 1262 875 1349 λόγοι,
894 1261 1075 1331 δικαιότατ’
1087 1258 1132 1330 άν

180 1360 307 1445 ταύτην
318 1366 385 1447 ἔχοι
395 1361 458 1448 τὴν
468 1366 588 1447 αἰτίαν,
606 1359 668 1446 οὐχ
679 1358 696 1428 ὁ
709 1364 906 1449 ἐσκεμμένος
917 1361 993 1430 οὐδ’
1006 1360 1023 1429 ὁ
1037 1385 1133 1447 μερι-

180 1459 308 1542 μνήσας
318 1458 357 1525 τά
370 1463 479 1528 δίκαια
486 1461 594 1543 λέγειν
604 1466 679 1525 νῦν.
707 1457 771 1544 ἐγὼ
782 1452 914 1546 μὲνοῦν
924 1467 1022 1527 τοῦτο
1034 1465 1131 1544 ποιοῖ,

184 1548 211 1621 (ὅ
223 1553 529 1639 άνδρεςἎδηναλλιι,
540 1556 597 1622 καὶ
607 1552 706 1634 αάτδς
717 1553 882 1641 ὁμολογῶ·
893 1561 1040 1624 Μειδίαν
1050 1559 1132 1642 μέν·

182 1677 233 1718 τοι
250 1651 353 1738 μηδὲν
372 1653 534 1736 ἐσκέφθαι
552 1650 680 1719 πώποτ’
692 1655 730 1720 έν
747 1658 845 1733 παντὶ
861 1661 908 1744 τῷ
924 1660 986 1743 βίῳ
1004 1657 1132 1721 δίκαιον

183 1749 270 1828 εἰκός
286 1751 390 1817 ἐστιν·
413 1756 443 1818 εί
458 1747 522 1835 γάρ
539 1751 594 1818 καὶ
610 1750 693 1817 κατά
711 1750 833 1837 μικρὰν
849 1753 942 1839 ἐπῄει
951 1751 991 1821 τά
1003 1749 1129 1820 τοιαῦτ’

183 1845 273 1934 αὐτῷ
284 1861 437 1933 σκοπεῖν,
455 1846 518 1915 οὐκ
535 1844 578 1915 άν
588 1855 750 1916 τοσοῦτον
760 1849 961 1934 διημάρτανε
972 1857 1034 1916 τοῦ
1044 1847 1133 1934 πρά-

182 1967 311 2027 γματος.
1135 2020 1137 2024 y

123 2066 171 2119 193
268 2038 369 2126 Οἶμαι
384 2047 501 2108 τοίνυν
517 2041 623 2110 αὐτόν
641 2040 720 2111 οὸδέ
737 2051 800 2110 τοῦ
819 2044 926 2129 δήμου
935 2056 1132 2127 κατηγορεῖν
1139 2046 1177 2106 ὁΤι

182 2135 340 2226 ὀκνήσειν
350 2135 430 2206 οὐδὲ
440 2144 498 2226 τῆς
504 2142 686 2226 ἐκκλησίας,
695 2137 763 2208 ἄλλ’
771 2138 856 2225 ὅπερ
867 2137 938 2206 τότ’
946 2138 1066 2223 ἐτόλμα
1078 2143 1134 2206 λέ-

180 2262 252 2321 γειν
264 2234 316 2306 ὅτ’
327 2231 403 2324 ἦνῆ
416 2236 582 2325 προβολὴ,
602 2239 774 2305 ταῦτακαὶ
792 2244 857 2304 νῦν
874 2237 978 2321 ἐρεῖν,
996 2230 1042 2311 ὥς
1059 2234 1135 2304 ὅσοι

181 2338 259 2404 δέον
269 2339 388 2416 ἐξιέναι
397 2340 579 2424 κατέμενον
589 2340 644 2406 καλ
655 2335 730 2406 ὅσοι
746 2333 786 2404 τά
799 2333 945 2422 φρούρια
955 2326 1044 2418 ἦσαν
1055 2339 1136 2420 ἔρη-

181 2459 226 2517 μα
244 2433 450 2518 λελοιπότες,
476 2433 718 2521 ηκκλησίασαν,
740 2439 795 2502 καλ
809 2432 962 2518 χορευταὶ
980 2431 1035 2498 καὶ
1047 2432 1133 2510 ξένοι

180 2531 235 2596 καὶ
251 2537 399 2596 τοιοῦτοί
417 2556 503 2608 τινες
520 2527 609 2617 ἦσαν
631 2538 667 2599 οἳ
685 2529 1000 2616 κατεχειροτόνησαν
1016 2525 1130 2595 αὐτοῦ.

123 2654 172 2709 194
181 2632 227 2706 είς
237 2624 301 2714 γάρ
313 2633 413 2694 τοῦτο
425 2626 577 2711 θράσους
592 2629 648 2696 καὶ
666 2626 834 2705 ἀναιδείας
844 2623 912 2694 τότ’
926 2623 1081 2711 άφίιιετο,
1104 2613 1133 2691 τέ

181 2723 301 2809 ἄνδρες
313 2725 479 2809 δικασταὶ,
496 2722 540 2803 ὥς
550 2734 663 2793 ἴσασιν
673 2725 748 2793 ὅσοι
757 2732 911 2812 παρῆσαν
922 2721 1033 2811 ὑμῶν,
1047 2721 1133 2790 ὅστε

181 2831 291 2901 κακῶς
306 2827 412 2906 λέγων
426 2824 480 2890 καὶ
497 2820 644 2890 ἀπειλῶν
659 2825 714 2891 καὶ
729 2825 863 2911 βλέπων
874 2828 920 2902 είς
934 2820 995 2889 τόν
1006 2818 1056 2889 άεὶ
1066 2828 1132 2886 δο-

182 2927 352 3008 ρυβοῦντα
363 2919 538 3007 τόποντης
554 2925 726 3008 ἐκκλησίας
742 2921 961 3008 καταπλήξειν
978 2918 1059 3009 ρὸετο
1069 2916 1132 2986 τόν

183 3024 290 3105 δῆμον
300 3015 439 3085 ἅπαντα.
477 3011 502 3107 ᾖ
511 3023 565 3088 καὶ
575 3030 686 3105 γελοῖα
698 3020 832 3091 εἶναιτὰ
844 3028 926 3105 νῦν,
946 3017 1051 3102 οἶμαι,
1071 3020 1132 3082 δά-

180 3142 268 3202 κρυα
279 3115 413 3194 εἰκότως
423 3112 467 3184 άν
478 3115 583 3186 αὐτοῦ
594 3125 716 3206 δοκοίη.
751 3128 786 3188 τί
795 3123 908 3205 λέγεις,
922 3110 949 3185 ὅ
960 3112 1060 3202 μιαρά
1075 3140 1117 3182 κε

124 3243 171 3299 195
181 3215 271 3300 φαλη’
278 3244 286 3293 ;
308 3214 351 3281 σὺ
361 3212 401 3281 τά
413 3225 540 3284 σαυτοῦ
550 3223 664 3286 παιδία
675 3216 823 3297 ἀξιώσεις
836 3220 939 3286 ἐλεεῖν
949 3212 971 3302 ἢ
981 3214 1017 3282 σὲ
1028 3212 1131 3280 τοόσ-

181 3317 232 3397 δε,
255 3307 278 3397 ἢ
296 3313 495 3394 σπουδάζειν
512 3319 558 3392 είς
574 3315 614 3382 τά
630 3313 689 3398 σά,
711 3313 790 3394 τούς
815 3313 881 3383 όπό
904 3321 968 3382 σοῦ
988 3318 1129 3400 δημοσίᾳ

181 3416 568 3496 προπεπηλακισμένους;
590 3411 633 3480 σι)
653 3414 757 3500 μόνος
773 3421 842 3483 τῶν
861 3411 971 3482 ὅντων
988 3408 1128 3493 άνθριό-
