2370 3854
353 182 498 243 ΠΡΟΣ
526 180 819 242 ΛΕΠΤΙΝΗΝ.
1044 183 1067 243 9

107 349 278 427 κρείττους
293 343 378 409 είσὶν
394 345 432 408 αί
444 337 518 423 παρ’
537 340 634 426 ὑμῶν
651 344 786 427 δωρεαὶ,
808 338 894 412 τοῦτ’
914 342 1067 430 ἀφαιρεί-

106 466 168 507 ται.
203 445 312 507 καίτοι
328 445 396 505 τῶν
411 435 552 506 ἀπασῶν
568 430 609 524 ής
627 436 673 504 ἀν
682 465 773 518 τινος
782 448 946 519 πολιτείας
955 438 993 508 τὸ
1005 467 1065 509 κο-

107 544 260 624 μίξεσθαι
282 534 362 615 τοάς
383 535 506 615 εὔνους
526 549 595 614 τοϊς
617 545 806 604 καθεστῶσι
826 537 923 624 χάριυ
944 541 1064 626 ἐξέλῃς,
1155 556 1158 563 ’

107 635 150 704 οά
170 634 297 724 μικράυ
317 633 473 722 φυλακήν
495 633 607 703 αὐτῶν
628 635 755 721 ταύτην
782 635 961 723 ἀφῃρηκὼς
988 642 1063 704 ἔσει.

69 745 100 799 18
194 734 284 819 Τάχα
304 739 422 802 τοίνυν
436 744 516 812 ίσυς
538 736 645 801 ἐκεῖνο
668 737 776 818 λέγειν
793 729 837 801 ἀν
854 734 1064 821 ἐπιχειρήσειε

105 838 280 918 Λεπτίνης,
289 829 430 916 ἀπάγων
442 829 529 917 ὑμᾶς
538 829 604 900 ἀπὸ
615 832 755 916 τούτων,
764 830 808 912 ῶς
819 836 856 900 αί
864 838 1065 918 λειτουργίαι

107 940 173 998 νῦν
183 931 246 1017 μὲν
263 934 464 1017 είςπίνητας
480 928 684 1013 ἀνθρώπους
701 938 868 1016 ἔρχονται,
891 936 927 998 ἐκ
948 930 983 998 δὲ
1001 937 1064 998 τοῦ

107 1028 218 1114 νόμου
226 1028 351 1097 τούτου
361 1029 658 1114 λειτουργήσουσιν
668 1035 703 1097 οἱ
711 1031 959 1098 πλουσιώτατοι.
995 1036 1064 1097 ἔστι

108 1129 144 1197 δὲ
153 1136 253 1196 τοῦτο
264 1125 387 1197 οὑτωσί
397 1127 458 1213 μὲν
469 1125 610 1196 ἀκοῦσαι
620 1127 722 1214 λόγον
732 1127 792 1197 τιν’
804 1135 896 1214 ἔχον·
921 1135 951 1195 εί
967 1130 1006 1194 δέ
1014 1154 1064 1206 τις

107 1223 188 1294 αὐτὸ
204 1226 350 1312 ἀκριβοῦς
366 1225 535 1314 ἐξετάσειε,
546 1233 672 1308 ψεῦδος
680 1223 723 1294 ἀν
732 1224 773 1294 ὂν
783 1234 915 1314 φανείη.
928 1230 990 1295 είσί
997 1223 1062 1310 γάρ

107 1323 217 1410 δήπου
236 1321 311 1407 παρ’
324 1322 406 1410 ήμίν
427 1328 463 1390 αἵ
482 1349 517 1391 τε
534 1331 603 1391 τῶν
619 1331 781 1408 μετοίκων
797 1331 998 1407 λειτουργίαι
1008 1323 1063 1389 καὶ

107 1426 144 1491 αί
151 1425 333 1508 πολιτικαί,
354 1415 402 1490 ῶν
413 1424 577 1505 ἑκατέρων
594 1425 662 1492 ἐστὶ
673 1437 741 1502 τοϊς
751 1418 975 1510 εὑρημένοιςή
988 1419 1064 1488 ἀτέ-

115 1528 195 1607 λεια,
211 1518 256 1607 ήν
266 1513 366 1600 οὗτος
382 1520 580 1607 ἀφαιρεῖται.
613 1530 681 1589 τῶν
696 1521 762 1607 γάρ
780 1528 825 1602 είς
841 1525 902 1589 τὸυ
916 1522 1063 1605 πόλεμον

106 1624 161 1687 καί
177 1618 241 1706 τήν
251 1627 419 1707 σωτηρίαν
434 1629 493 1707 τῆς
509 1620 635 1698 πόλεως
654 1624 887 1705 είσφορῶνκαί
903 1643 1062 1705 τριηραρ-

104 1724 187 1802 χιῶν
200 1715 315 1800 ὀρθῶς
326 1719 381 1785 καὶ
393 1722 527 1796 δικαίως
537 1717 647 1797 οὐθείς
659 1716 727 1787 ἐστ’
745 1716 862 1804 ἀτελής
872 1721 908 1785 ἐκ
920 1725 986 1784 τῶν
997 1739 1062 1782 πα-

105 1822 211 1883 λαιῶν
220 1815 353 1900 νόμων,
365 1812 441 1883 οὐδ’
454 1813 514 1894 οὓς
524 1809 623 1895 οὗτος
633 1822 770 1903 ἔγραψε,
789 1817 868 1895 τούς
878 1815 934 1901 ἀφ’
943 1813 1062 1901 Ἁρμο-

67 1917 181 1981 Ῑθδίου
197 1912 256 1980 καί
268 1909 553 1997 Ἀριστογείτονος.
596 1914 798 2000 σκεψώμεθα
816 1912 855 2000 δή
874 1923 966 1992 τίνας
981 1913 1062 2000 ἡμῖν

104 2017 245 2079 είσποιεῑ
254 2009 418 2096 χορηγοὺς
428 2017 474 2091 είς
483 2014 611 2091 ἐκείνας
622 2011 680 2092 τάς
688 2022 910 2098 λειτουργίας,
930 2015 985 2079 καί
996 2012 1061 2078 πό-

104 2129 197 2195 σους,
209 2107 270 2177 ἐάν
280 2107 325 2195 μὴ
336 2108 442 2199 τούτῳ
454 2114 683 2196 προσέχωμεν,
704 2109 836 2196 ἀφήσει.
870 2114 904 2176 οἱ
919 2110 981 2194 μὲυ
991 2116 1061 2175 τοί-

103 2234 170 2275 νυν
186 2206 427 2276 πλουσιώτατοι
443 2217 720 2296 τριηραρχοῦντες
743 2207 794 2275 ἀεὶ
811 2215 879 2274 τῶν
896 2214 1061 2292 χορηγιῶν

103 2302 231 2384 ἀτελεῖς
241 2303 466 2392 ὑπάρχουσιν,
490 2312 525 2375 οί
535 2305 567 2373 θ’
580 2307 703 2374 ἐλάττω
720 2312 789 2372 τῶν
806 2309 931 2371 ίιιαυῶν
942 2330 1058 2388 κεκτη-

103 2403 210 2487 μένοι,
219 2400 283 2487 τήν
293 2401 477 2489 ἀναγκαίαν
487 2402 636 2472 ἀτέλειαν
647 2411 791 2490 ἔχοντες,
803 2407 863 2483 ἔξω
873 2410 936 2470 τοῦ
945 2407 1059 2482 τέλους

103 2502 167 2568 είσί
176 2499 316 2567 τούτου·
334 2499 462 2569 οὐκοῦν
471 2502 601 2570 τούτων
618 2502 678 2588 μὲν
689 2500 874 2584 οὐδετέρων
885 2498 994 2579 ον’θεὶς
1005 2502 1059 2568 θιά

102 2693 163 2773 τάς
173 2701 244 2762 τῶν
253 2701 417 2780 μετοίκων
428 2706 632 2783 λειτουργίας
649 2704 790 2766 είσποιεῖ
802 2698 955 2774 πολλούς.
990 2695 1059 2764 ἀλλ’

102 2791 165 2859 ίάν
182 2794 272 2879 θείξη
288 2796 403 2880 πέντε,
426 2794 490 2880 ἐγῶ
509 2808 622 2883 ληρεῖν
640 2794 803 2881 ὁμολογῶ.
837 2796 934 2881 θήσω
945 2801 1060 2862 τοίνυν
1069 2817 1121 2872 463

103 2886 169 2975 ἐγὼ
186 2887 233 2976 μή
249 2898 404 2959 τοιοῦτον
422 2891 506 2961 εἶναι
522 2902 638 2980 τοῦτο,
660 2892 745 2962 ἀλλά
756 2897 810 2962 καί
821 2903 888 2961 τῶν
899 2899 1061 2980 μετοίκων

103 2984 292 3076 πλείουαςή
302 2991 494 3076 τοσούτους,
506 2991 565 3060 ίάν
575 2990 593 3060 ὁ
605 2993 708 3077 νόμος
718 2999 812 3079 τεθῇ,
820 2989 899 3069 τούς
909 2999 1061 3075 λειτουρ-

101 3094 250 3173 γοῦντας
259 3092 406 3172 ἔσεσθαι,
418 3092 552 3157 καὶτῶν
562 3097 707 3159 πολιτῶν
717 3091 844 3174 μηθένα
855 3091 891 3154 ἐκ
902 3113 1060 3174 τριηραρ-

102 3193 176 3271 χίας
184 3184 348 3271 ὑπάρξειν
364 3186 473 3276 ἀτελῆ.
506 3189 708 3274 σκεψοίμεθα
719 3187 759 3272 δή
771 3193 804 3253 τί
812 3183 903 3253 τοῦτ’
916 3192 1005 3254 ἔσται
1020 3194 1060 3273 τῇ

103 3284 211 3371 πόλει,
222 3283 285 3354 ἐὰν
294 3284 437 3365 ἅπαντες
447 3279 540 3355 οὗτοι
551 3291 779 3370 λειτουργῶσι·
792 3283 974 3370 φανήσεται
984 3282 1064 3369 γάρ,

63 3380 184 3451 λιοάιλθ
193 3391 322 3452 πολλοῦ
334 3389 392 3470 δεῖ,
405 3393 463 3472 τῆς
469 3389 696 3474 γενησομένης
708 3382 804 3467 ἀξιον
817 3383 994 3474 αἰσχύνης.
1012 3381 1086 3463 ἴσον.
