2370 3854
309 213 450 272 ΚΑΤΑ
485 210 724 271 ΤΙΜΟΚΡΑ
734 212 795 272 TO
805 213 877 272 ΥΣ.
1005 211 1067 274 255

115 385 185 442 σεόν
204 375 256 441 καί
275 380 343 441 τῶν
362 377 583 457 δικαστηρίων
600 344 738 453 ἀκύρων
758 374 958 458 γενομένων.
990 381 1068 451 ίσως

114 473 174 559 μὲν
195 464 260 540 οὖν
281 469 325 539 άν
333 497 382 549 τις
402 467 566 555 ὑπολάβοι
588 467 638 536 ότι
657 467 718 555 ούχ
736 460 860 555 ὁμοίων
876 467 985 537 ὄντων
1000 479 1068 538 τοῖν

114 572 316 658 πραγμάτων
340 579 405 638 νύν
426 569 482 637 καὶ
499 568 574 636 τότε
590 573 674 653 λέγω
691 571 767 652 περὶ
783 569 991 646 καταλύσεως
1007 578 1069 636 τοῦ

114 671 231 756 δήμου.
267 666 343 736 ἀλλ’
355 665 434 736 ούδέ
445 671 575 752 σπέρμα
587 670 640 734 δεῖ
648 667 867 752 καταβάλλειν
877 669 913 733 έν
923 674 964 755 τῇ
975 669 1068 735 πόλει

113 768 245 852 ούδένα,
258 761 415 855 άάνδρες
426 767 586 851 δικασταὶ,
598 766 759 832 τοιούτων
770 763 983 850 πραγμάτων,
996 763 1066 832 οὐδ’

113 873 142 934 εί
157 867 203 954 μή
220 890 272 934 πω
290 861 331 934 άν
348 866 484 952 ἐκφύοι,
508 861 591 933 άλλά
603 866 658 931 καί
668 864 729 931 τὸν
739 867 949 950 ἐγχειροῦντα
960 865 1067 949 λέγειν

111 962 134 1051 ή
145 978 252 1032 ποιεῖν
262 991 293 1032 τι
302 972 455 1033 τοιοῦτον
465 969 562 1050 δίκην
573 963 711 1031 διδόναι.

52 1091 101 1142 155
188 1063 260 1133 ’Ότι
288 1069 405 1132 τοίνυν
431 1065 487 1131 καί
508 1067 606 1150 τέχνη
627 1069 736 1140 κακῶς
758 1065 940 1148 ἐνεχείρησε
961 1077 1063 1130 ποιεῖν

113 1162 215 1251 ὑμᾶς,
238 1161 332 1245 άξιόν
349 1167 439 1231 ἐστιν
455 1160 605 1230 ἀκούσαι.
639 1157 730 1246 δρῶν
740 1157 804 1244 γάρ
817 1160 969 1228 ἑκάστοτε
981 1160 1068 1227 πάν-

112 1289 186 1345 τας,
209 1264 264 1329 καί
279 1260 359 1338 τούς
377 1263 653 1345 πολιτευομένους
662 1261 716 1325 καὶ
727 1259 806 1335 τούς
817 1258 965 1343 ίδιύτας,
988 1257 1067 1336 τούς

113 1361 238 1445 νόμους
257 1368 326 1427 τῶν
347 1367 404 1444 τῆς
424 1358 551 1436 πόλεως
567 1354 708 1440 ἀγαθάν
727 1362 851 1434 αἰτίους
871 1353 1065 1443 ὑπολαμβά-

113 1484 249 1541 νοντας,
273 1457 406 1525 ἐσκόπει
423 1462 492 1535 πῶς
509 1454 601 1542 λήσει
617 1455 756 1533 τούτους
773 1455 976 1538 καταλύσας,
1001 1450 1065 1521 κάν

112 1555 178 1639 άρα
191 1563 308 1644 ληφθῇ
316 1564 415 1623 τοῦτο
426 1563 546 1640 ποιεῖν,
565 1552 610 1642 μή
622 1554 709 1634 δόξει
720 1552 832 1622 δεινὸν
843 1553 920 1641 μηδ’
934 1553 1065 1633 ἀναιδὲς

52 1681 102 1735 156
112 1653 215 1741 μηδὲν
226 1653 412 1739 εἰργάσθαι.
448 1644 547 1739 εὗρεν
559 1647 623 1721 οὖν
633 1662 731 1721 τοῦτο
743 1650 764 1720 ό
776 1660 949 1740 πεποίηκε,
972 1652 1064 1741 νόμῳ

111 1752 190 1831 τούς
205 1752 332 1839 νόμους
341 1759 541 1839 καταλῦσαι,
563 1757 619 1822 ἵνα
633 1749 826 1839 τάδικήματ’
842 1749 948 1819 αύτοῦ
959 1749 996 1818 τδ
1009 1759 1066 1836 τῆς

112 1860 274 1939 σωτηρίας
285 1850 381 1938 ὄνομ’
394 1856 459 1941 ἔχη.
489 1856 567 1920 οἵτε
578 1852 642 1936 γάρ
654 1851 814 1932 στίζοντες
823 1848 884 1935 τήν
895 1849 993 1916 πόλιν
1005 1852 1066 1916 είσῖ

111 1952 225 2037 νόμοι,
247 1951 289 2020 όν
305 1977 341 2019 τε
358 1942 456 2030 οὗτος
472 1957 595 2038 ἔθηκεν
613 1947 713 2018 ούδὲν
728 1952 865 2027 ἐκείνοις
875 1954 943 2014 τῶν
953 1943 1067 2014 αύτοῖν
1159 1956 1163 1963 ’

112 2054 244 2135 ἔχοντα,
261 2050 372 2137 νόμος.
405 2048 467 2137 τήν
477 2049 539 2136 μέν
549 2042 614 2116 ούν
623 2056 685 2116 τοῦ
694 2045 858 2134 ὀνόματος
869 2054 1067 2142 φιλανθρω-

51 2233 56 2242 ⁸
112 2153 209 2233 πίαν,
222 2147 273 2214 ὅτι
283 2148 408 2234 ταύτην
420 2145 460 2233 δή
471 2146 613 2233 μάλιστα
624 2153 821 2231 προσίεσθε,
838 2149 982 2213 κατεῖδε·
1006 2143 1066 2229 τήν

114 2244 148 2312 δὲ
164 2253 293 2330 χρείαν,
317 2243 368 2311 ότι
385 2242 543 2312 τάναντία
561 2248 682 2330 ἔχουσα
700 2242 898 2329 φανήσεται,
922 2247 1065 2327 παρεῖδε.
1075 2267 1125 2322 τις

50 2375 103 2429 157
114 2345 194 2426 φέρε
211 2339 276 2423 γάρ
294 2337 487 2425 πρόςΔιδς,
509 2346 599 2408 έστιν
615 2341 705 2420 ὅστις
722 2335 766 2407 άν
782 2336 979 2427 ήπρόεδρός
990 2338 1063 2407 ποτ’

112 2436 317 2524 ἐπεψήφισεν
332 2432 354 2524 ή
372 2437 534 2524 πρύτανις
544 2440 673 2509 τούτων
683 2447 792 2508 τιτῶν
803 2443 897 2530 έυτῷ
906 2440 999 2530 νόμῳ
1009 2467 1066 2526 γε-

110 2541 327 2625 γραμμένους
349 2537 412 2623 ἐγώ
423 2537 485 2623 μὲν
499 2534 614 2606 οὐδέν’
625 2534 668 2606 άν
679 2537 776 2625 οἶμαι.
809 2546 879 2617 παῖς
891 2531 954 2607 οὖν
964 2537 1063 2608 τοῦδ’

109 2634 231 2717 δπέδυς
244 2635 352 2721 νόμον
362 2640 458 2705 έδετο
471 2634 578 2723 ὄνομα
588 2652 656 2717 τοῖς
667 2635 772 2706 αὑτοῦ
782 2637 1063 2725 κακουργήμασιν.

109 2734 151 2803 ού
161 2733 225 2819 γάρ
237 2731 365 2819 ἁπλῶς,
378 2731 452 2803 οὐδ’
465 2733 554 2816 ὅπως
564 2742 692 2823 ἔτυχον,
704 2744 839 2805 ττοιούσι
849 2745 958 2815 κακῶς
969 2734 1064 2822 ὑμᾶς,

109 2831 185 2899 ἀλλ’
204 2835 411 2919 ἐσκεμμένως
427 2835 483 2903 καὶ
494 2829 585 2902 τοῦτ’
598 2833 680 2902 αὐτὸ
692 2835 907 2921 πράττοντες,
932 2832 993 2920 οὐχ
1005 2826 1065 2901 ού-

109 2955 160 2997 τοι
171 2931 292 3018 μόνον,
311 2931 394 3001 άλλά
407 2936 523 3002 πολλοὶ
533 2941 602 3001 τῶν
612 2936 893 3019 πολιτευομένων,
915 2931 1064 3019 οΐτούτφ

111 3029 285 3115 παριόντες
301 3030 419 3100 αὐτίκα
437 3030 477 3119 δή
495 3033 583 3118 μάλα
600 3032 931 3118 συναπολογήσονται
937 3080 946 3113 ,
968 3027 1010 3097 ού
1020 3030 1064 3114 μά

89 3128 167 3198 ’Δί’
197 3128 239 3198 ού
264 3132 461 3218 Τιμοκράτει
479 3138 680 3219 χαρίσασθαι
701 3129 915 3218 βουλόμενοι,
942 3127 1066 3212 πόθεν,

110 3228 182 3296 ἀλλ’
202 3228 294 3319 αύτῷ
311 3234 494 3318 συμφέρειν
510 3233 646 3310 ἕκαστος
666 3227 851 3315 ἡγούμενος
870 3224 930 3293 τὸν
951 3224 1064 3312 νόμον.

112 3326 222 3414 ὥσπερ
233 3336 350 3399 τοίνυν
361 3323 455 3399 ούτοι
464 3339 579 3418 σφίσιν
590 3327 703 3406 αὐτοῖς
713 3332 901 3414 βοηθοῦσιν
911 3321 960 3410 ἐφ’
968 3321 1064 3410 ὑμᾶς,

51 3447 103 3502 158
111 3424 199 3495 οότω
212 3431 326 3498 δεῖκαὶ
334 3426 422 3515 ὑμᾶς
431 3426 512 3516 ὑμῖν
522 3427 634 3507 αύτοῖς
644 3435 792 3514 βοηθεῖν.
821 3431 927 3492 καίτοι
937 3421 1065 3504 ἀνερω-
