2370 3854
160 191 224 256 474
273 155 276 160 ’
343 197 464 258 xxx1x.
508 194 930 256 ΔΗΜοΣοπΝονΣ

161 351 184 420 ά
201 354 262 440 μὲν
277 349 321 421 άν
331 359 426 443 λέγη,
450 351 493 440 μὴ
506 352 688 421 πιστεύετε·
712 351 754 421 οῦ
765 353 828 440 γάρ
841 359 970 421 δίκαιον
981 353 1025 440 μὴ
1038 356 1114 437 περὶ

161 451 291 520 τούτων
306 451 402 532 ὄντος
418 460 479 520 τοῦ
500 452 605 536 λόγου
617 458 708 520 νυνί·
732 455 838 521 έκεῖνο
862 455 892 520 θ’
916 451 1114 540 ὑπολαμβά-

161 576 249 634 νετε,
283 548 335 618 ὅτι
358 549 458 620 οὐδὲν
482 549 547 618 ἔστ’
575 549 667 642 αὐτῷ
687 544 788 637 ἧττον
811 557 908 639 δίκην
931 553 1115 640 λαμβάνειν

117 666 153 719 36
161 657 297 738 Βοιωτῷ
314 652 480 736 κληθέντι.
513 657 548 718 τί
561 642 624 718 οὖν
641 659 853 735 φιλονεικεῑς;
874 655 1046 738 μηδαμῶς·
1068 649 1112 736 μη

161 754 213 834 ἔχε
231 746 319 814 οὕτω
336 746 420 832 πρὸς
436 746 521 835 ἡμᾶς
540 750 763 834 ἐθελέχθρως·
784 748 862 817 οῦδὲ
878 754 943 837 γάρ
955 747 1018 835 ἐγὼ
1031 746 1114 833 πρὸς

161 847 213 930 σέ,
238 848 307 914 ἐπεὶ
324 848 380 914 καλ
397 856 478 932 νῦν,
500 852 555 915 ἴνα
574 847 655 933 μηδὲ
668 855 767 915 τοῦτο
778 849 867 938 λάθη
879 869 932 936 σε,
955 847 1039 932 ὑπὲρ
1050 855 1114 915 σοῦ

161 949 245 1030 λέγω
262 954 406 1032 μάλλον,
429 945 531 1026 άξιῶν
547 944 590 1031 μη
607 943 731 1014 ταῦτόν
748 952 835 1033 ἔχειν
850 946 1067 1034 ὅνομαὴμάς,
1091 942 1114 1032 ἢ

160 1048 315 1129 ἐμαυτοῦ.
351 1051 381 1112 εί
395 1042 460 1131 γάρ
477 1046 581 1130 μηδὲν
593 1044 689 1131 άλλο,
712 1042 841 1131 άνάγκη
853 1044 913 1113 τὸν
924 1044 1114 1114 ἀκούσαντα

160 1145 296 1226 ἐρέσθαι
306 1143 453 1230 πότερος,
464 1143 519 1211 δύ’
530 1139 574 1211 άν
584 1136 1009 1212 άσιΜαντίθεοιΜαντίου,
1032 1141 1115 1211 οῦκ-

160 1249 241 1328 οῦν,
259 1239 300 1310 ὃν
311 1240 509 1330 ἠναγκάσθη
521 1242 741 1330 ποιήσασθαι,
760 1238 851 1311 σὲάν
862 1247 958 1330 λέγη,
976 1244 1050 1324 ἐρεῖ.
1083 1247 1117 1308 τί

160 1333 224 1407 οῦν
240 1343 413 1427 ἐπιθυμεῖς
429 1343 574 1424 τούτων,
597 1341 772 1427 ἀνάγνωθι
790 1344 828 1410 δέ
841 1369 898 1429 μοι
914 1339 1029 1428 λαβών
1051 1341 1112 1408 δύο

159 1442 295 1507 ταυτασὶ
307 1448 499 1528 μαρτυρίας,
512 1438 555 1518 ὡς
565 1442 636 1524 ἐμοὶ
646 1448 845 1509 Μαντίθεον
856 1445 910 1508 καλ
921 1441 1028 1530 τούτω
1034 1448 1114 1508 Βοι-

162 1533 277 1605 ωτὸνὸ
292 1535 399 1625 πατὴρ
411 1535 507 1625 ὄνομ’
521 1544 625 1606 ἔθετο.

505 1714 765 1776 ΜΑΡΤΤΡΙΑΙ,

117 1849 150 1903 37
245 1832 374 1900 Λοιπὸν
389 1831 534 1918 ἡγοῦμαι
550 1832 649 1902 τοῦθ’
668 1833 749 1920 ὑμίν
759 1838 929 1918 ἐπιδείξαι,
953 1827 1113 1919 άάνδρες

157 1932 343 2014 Ἀθηναῖοι,
367 1928 410 2006 ὡς
427 1929 469 1996 οῦ
487 1932 594 2014 μόνον
611 1931 824 2018 εὐορκήσετε,
848 1928 891 2000 άν
906 1931 928 1998 ά
944 1932 1007 2015 έγοὶ
1026 1934 1111 2014 λέγω

160 2036 372 2116 ψηφίσησθε,
395 2026 478 2096 άλλά
495 2031 551 2096 καὶ
569 2027 614 2108 ὥς
625 2021 833 2108 οὗτοςαῦτὸς
846 2027 952 2098 αὑτοῦ
962 2030 1110 2113 κατέγνω

159 2126 323 2212 Βοιωτὸν,
347 2125 420 2195 ἀλλ’
433 2125 475 2194 οῦ
486 2134 683 2197 Μαντίθεον
693 2127 800 2216 ὄνομα
818 2134 952 2209 δικαίως
962 2125 1005 2197 άν
1016 2135 1109 2216 ἔχειν.
1122 2144 1179 2196 1001

159 2228 317 2313 λαχόντος
327 2225 392 2314 γάρ
403 2231 486 2314 ἐμοῦ
496 2226 559 2314 τὴν
571 2232 668 2314 δίκην
678 2228 944 2318 ταῦτηνΒοιωτῷ
954 2235 1112 2297 Μαντίου

161 2335 321 2416 Θορικίῳ,
344 2331 377 2408 ἐξ
396 2324 496 2413 άρχης
511 2325 541 2394 τ’
559 2324 717 2414 ηντιθίκει
735 2330 790 2396 καλ
807 2325 989 2413 ὑπώμνυτο
1007 2323 1050 2406 ὡς
1064 2320 1113 2394 &v

159 2424 318 2508 Βοιωτὸς,
330 2429 386 2493 καὶ
396 2424 432 2493 τὸ
444 2434 633 2494 τελευταῖον
645 2429 714 2495 έπελ
726 2425 837 2495 οὐκέτι
847 2430 927 2513 ἐνῆν
938 2425 1028 2518 αὐτῷ
1039 2432 1113 2494 θια-

45 2606 48 2611 .
160 2525 387 2612 κροῦσασθαι,
411 2525 537 2611 ἐρήμην
547 2521 646 2605 ἐάσας
656 2530 921 2612 καταδιαιτῆσαι,
943 2530 1113 2604 σκέψασθε

118 2640 153 2693 38
162 2620 244 2705 πρὸς
261 2633 354 2691 θεῶν
371 2631 403 2691 τί
419 2627 588 2711 ἐποίησεν·
609 2623 839 2710 άντιλαγχάνει
856 2650 912 2710 μοι
921 2621 984 2708 τὴν
995 2621 1039 2708 μη
1051 2616 1112 2689 οὖ-

162 2720 386 2790 σαυΒοιωτὸυ
405 2720 508 2791 αὑτὸν
527 2725 807 2810 προσαγορεύσας.
840 2728 946 2790 καίτοι
963 2725 995 2801 ἐξ
1013 2719 1113 2808 ἀρχῆς

161 2845 196 2887 τε
212 2826 277 2887 ἔθει
289 2825 347 2888 έοῖν
358 2819 462 2889 αῦτόν
472 2824 668 2889 τελέσασθαι
678 2819 741 2907 την
752 2825 848 2907 δίκην
858 2820 940 2888 κατά
952 2827 1112 2905 Βοιωτοῦ,

162 2927 254 3005 είπερ
265 2919 368 3004 μηδὲν
380 2926 549 3004 προσῆκεν
560 2916 650 3008 αὐτῷ
661 2926 723 2985 τοῦ
734 2916 913 3004 ὀνόματος,
924 2916 1067 3003 ὕστερόν
1078 2946 1112 2987 τε

161 3016 205 3104 μὴ
223 3015 326 3086 αὐτὸν
337 3022 517 3102 φαίνεσθαι
528 3020 580 3087 ἐπὶ
590 3025 635 3108 τῷ
648 3017 785 3105 ὀνόματι
794 3019 901 3107 τούτῳ
915 3016 1113 3104 ἀντιλαγχά-

161 3142 264 3183 νοντα
274 3113 337 3201 την
347 3114 390 3202 μη
403 3108 520 3185 οὖσαν.
552 3114 589 3197 ὃς
600 3110 663 3187 οῦν
674 3116 774 3197 αὐτὸς
785 3115 891 3185 αὑτοῦ
901 3120 1049 3202 κατέγνω
1061 3122 1112 3185 θι-

161 3221 262 3292 καίως
281 3212 364 3280 εἶναι
376 3212 537 3300 Βοιωτὸς,
558 3223 593 3284 τί
605 3215 691 3303 ῦμάς
707 3215 838 3297 άξιάσει
848 3215 926 3295 τοῦς
937 3212 1112 3302 ὀμωμοκό-

46 3390 53 3397 ,
161 3339 219 3391 τας
229 3318 445 3398 ψηφίζεσθαις
457 3311 501 3392 ὠς
513 3319 548 3382 δὲ
558 3314 652 3383 ταῦτ’
664 3315 776 3403 ἀληθῆ
787 3320 882 3402 λέγω,
894 3317 976 3403 λαβέ
985 3341 1041 3402 μοι
1049 3311 1112 3401 τὴν

160 3407 326 3495 άντίληξιν
336 3412 391 3478 καὶ
400 3410 438 3479 τό
449 3416 594 3502 ἔγκλημα
604 3421 704 3484 τουτί.
