2370 3854
151 231 215 297 186
350 232 446 290 xxm.
487 224 908 288 ΔΗΜΟΣΘΕΝΟῬΣ

151 411 236 460 σκου
252 389 437 476 λεγόντων,
458 385 514 456 ὅτε
530 383 740 473 ἐμισθοδότει
749 384 811 472 μὲν
822 399 890 466 τοῖς
902 389 1109 478 ένΠερίνθφ

126 535 130 541 -
152 491 273 575 ξένοις,
293 483 402 575 είχεδ’
415 481 833 571 όλοντόνἘλλήσποντον,
855 486 1007 571 μέγιστος
1019 483 1052 554 δ’
1064 479 1110 574 ἦν

151 597 220 657 πων
237 585 413 673 ὑπάρχων,
435 584 562 670 ἔγραψέ
573 609 628 662 τις,
640 579 750 667 ὥσπερ
767 574 866 662 οὗτος
876 584 968 668 νυνί,
990 585 1049 652 έάν
1060 611 1111 664 τις

152 685 330 774 ἀποκτείνῃ
342 690 518 767 Φιλίσκον,
541 679 712 768 ἀγώγιμον
728 678 833 749 αύτὸν
848 684 964 750 ἐκτῶν
976 684 1111 769 συμμά·

152 812 220 873 χων
231 784 325 870 εἶναι,
334 779 418 866 πρὸς
427 778 511 860 Διός
521 779 696 848 θεάσασθε
706 784 753 859 είς
763 778 848 866 ὅσην
858 778 1021 867 αἰσχύνην
1034 776 1109 868 ἀνὴ

28 956 31 961 ,
93 893 144 951 143
153 884 248 963 πόλις
256 881 352 970 ἡμῶν
363 879 529 967 ἐληλύθει.
551 870 612 966 ἧκε
622 879 683 966 μὲν
694 876 787 966 γάρὸ
801 879 1013 968 Θερσαγόρας
1024 879 1109 949 καὶὸ

151 982 339 1068 Ἐξήκεστος
350 985 396 1057 είς
406 981 554 1065 Λέσβον,
567 981 622 1047 καὶ
633 977 746 1068 ᾤ’κουν
757 982 836 1047 ἐκεῖ·
860 986 892 1048 εί
901 978 930 1049 δ’
946 981 1109 1068 ἐφήπτετό

153 1107 202 1160 τις
219 1086 286 1146 τῶν
299 1085 461 1145 Φιλίσκου
479 1083 587 1162 φίλων
596 1072 619 1164 ἢ
629 1083 774 1164 παίδων,
797 1079 974 1160 ἐξεδίδοντ’
986 1076 1030 1149 ἀν
1040 1078 1107 1148 ύπό

153 1185 215 1247 τοῦ
231 1175 392 1263 ὑμετέρου
410 1183 629 1265 ψηφίσματος.
663 1185 732 1257 πῶς
749 1170 813 1247 ούν
830 1176 892 1249 ούκ
907 1176 1044 1266 αἰσχρόν
1054 1183 1111 1248 καλ

155 1273 267 1346 δεινόν
277 1269 321 1345 ἀν
330 1269 388 1363 ἦτε
399 1276 623 1364 πεποιηκότες,
638 1269 797 1365 οόάνδρες
805 1277 985 1366 Ἀθηναῖοι,
993 1285 1024 1350 εί
1032 1278 1111 1358 τούς

155 1376 217 1463 μέν
227 1373 306 1460 παρ’
320 1372 543 1462 ύμλντοιοῦτό
552 1400 584 1443 τι
597 1375 784 1460 πράξαντας
801 1384 944 1464 χαλκοῦς
962 1377 1112 1457 ίστάντες
1171 1409 1179 1421 ’·

154 1478 210 1542 καλ
228 1488 298 1552 ταῖς
315 1479 481 1560 μεγίσταις
497 1477 635 1557 δωρεαῖς
644 1482 804 1561 τιμῶντες
814 1480 1009 1562 ἐφαίνεσθε,
1032 1473 1112 1556 τούς

156 1570 187 1641 δ’
208 1574 349 1656 ἑτέρωθί
364 1597 431 1641 που
447 1571 510 1658 τὴν
526 1569 632 1658 αὐτὴν
648 1572 779 1653 τούτοις
796 1572 949 1643 διάνοιαν
959 1571 1043 1659 ύπέρ
1053 1581 1113 1662 τῆς

157 1668 269 1740 αύιύν
286 1675 443 1759 πατρίδος
459 1675 593 1757 ἔχοντας
605 1669 761 1750 ἐκδότους
772 1669 856 1740 εἶναι
866 1675 1113 1760 κατεψηφισμέ-

155 1797 226 1852 νοις
248 1778 346 1839 τοῦτο
357 1778 473 1840 τοίνυν
483 1767 535 1838 ἐπ’
548 1771 677 1838 ἐκείνου
687 1773 764 1856 μὲν,
776 1763 816 1838 εύ
826 1777 963 1854 ποιοῦν,
976 1770 1018 1840 ού
1028 1792 1114 1839 συν-

158 1872 216 1956 έβη
234 1880 486 1955 φενακισθεῖσιν
502 1866 584 1955 ὑμῖν
600 1868 762 1954 αἰσχύνην
772 1866 905 1954 ὀφλεῖν·
926 1871 978 1939 ἐπὶ
988 1870 1112 1939 τούτου

158 1965 203 2052 δ’,
215 1965 274 2034 ἐάν
285 1969 355 2053 ἐμοὶ
366 1973 548 2054 πείθησθε,
561 1968 760 2051 φυλάξεσθε.
792 1966 836 2055 μὴ
848 1965 912 2054 γάρ
924 1963 1113 2057 ὡρισμένου

158 2066 316 2154 μηδενός,
338 2062 413 2134 ἀλλ’
433 2063 546 2144 άπλολς
559 2062 624 2133 “biv
641 2091 690 2144 τις
701 2063 887 2153 7άποκτείνη
900 2065 1110 2154 Χαρίδημον”

156 2167 403 2252 γεγραμμένου,
424 2163 498 2251 τάχ’
517 2159 576 2252 άν,
599 2171 630 2233 εί
638 2163 750 2252 τύχοι,
774 2166 828 2234 καὶ
838 2165 971 2235 τοιοῦτό
982 2192 1014 2232 τι
1026 2185 1113 2252 συμ-

156 2271 243 2353 βαίη.

98 2383 150 2440 144
239 2364 411 2452 Βούλομαι
421 2371 539 2434 τοίνυν
548 2364 611 2453 ἤδη
622 2369 677 2435 καί
688 2362 728 2432 τά
739 2366 953 2451 πεπραγμένα
966 2364 1113 2446 ἐξετάσαι

156 2471 204 2551 τῷ
213 2462 394 2553 Χαριδήμῳ
407 2462 461 2531 διά
472 2468 640 2550 βραχέων,
663 2466 718 2532 καὶ
735 2468 838 2544 δεῖξαι
847 2460 911 2550 τὴν
921 2462 1114 2552 ὑπερβολὴν

159 2569 216 2648 της
237 2558 404 2638 ἀναιδείας
424 2568 492 2628 τῶν
513 2562 743 2654 ἐπαινούντων
764 2558 877 2629 αύτόν.
923 2565 961 2630 ἓν
983 2559 1009 2629 δ’
1033 2561 1114 2649 ὑμῖν

158 2661 264 2726 ἐκεῖνο
275 2655 514 2744 ὑπισχνοῦμαι·
537 2665 597 2728 καί
603 2685 670 2746 μου
680 2661 792 2746 μηδεὶς
805 2656 960 2748 ἀχθεσθῇ
969 2668 1010 2749 τῇ
1026 2660 1115 2729 ύπο·

159 2759 281 2840 σχέσει·
293 2753 335 2823 οὐ
346 2754 453 2841 μόνον
464 2753 545 2843 ὑμῖν
555 2759 704 2838 ἐπιδείξω
712 2767 770 2845 τῆς
780 2766 932 2845 φυλακῆς
944 2757 1006 2828 ούκ
1018 2759 1114 2841 ἀξιον

157 2850 201 2941 ἢν
217 2855 386 2938 γέγραφεν
404 2845 518 2943 οὖτος,
543 2853 627 2924 ἀλλά
644 2858 699 2925 καὶ
711 2862 807 2945 δίκην
821 2854 912 2926 δόντ’
924 2853 968 2928 ἀν
978 2864 1113 2938 δικαίως

157 2949 219 3038 την
229 2956 403 3038 μεγίστην,
424 2961 516 3037 είπερ
528 2957 562 3021 οί
570 2954 710 3023 κακόνοι
719 2957 775 3024 καὶ
787 2961 1016 3042 φενακίζοντες
1026 2955 1113 3044 ὑμᾶς

157 3054 213 3120 καὶ
229 3048 283 3119 διά
300 3051 423 3132 παντός
441 3056 574 3123 ἐναντία
590 3054 790 3139 πράττοντες
805 3053 989 3137 κολάζοιντ’
1006 3052 1051 3126 ἀν
1062 3060 1113 3123 δι-
1123 3064 1177 3120 668

96 3152 267 3228 145ιιαίως.
299 3160 378 3231 λσως
389 3153 428 3220 δέ
435 3173 502 3222 τισι
511 3157 731 3242 λογιζομένοις
741 3153 839 3241 ὑμῶν
847 3154 898 3224 ότι
908 3162 1042 3244 πρῶτον
1052 3153 1113 3240 μὲν

158 3256 292 3334 πολίτης
301 3253 440 3335 γέγονεν
450 3249 642 3338 ἀνθρωπος,
653 3252 723 3322 εἶτα
733 3254 833 3322 πάλιν
842 3267 978 3340 χρυσοῖς
987 3253 1113 3339 στεφά-

157 3371 229 3424 νοις
240 3343 285 3423 ὥς
302 3344 474 3439 εὐεργέτης
489 3352 731 3440 ἐστεφάνωται,
753 3354 937 3439 θαυμάζειν
953 3349 1115 3437 ἐπεληλυ-

157 3453 222 3513 θεν
233 3451 263 3514 εί
271 3443 311 3514 τά
322 3454 503 3553 τηλμιαύτα
513 3449 619 3531 οὕτως
629 3453 834 3540 ἐξηπάτησθε
842 3455 972 3540 όᾳδίως.
994 3441 1115 3518 εύτοί-
