2370 3854
201 317 264 379 214
399 320 495 378 xxw.
534 314 953 377 AHMoz'oENow

200 479 313 564 χάραν
324 483 360 546 δὲ
369 481 481 565 μένειν
491 476 570 557 τούς
581 475 702 553 ἀλλους
713 477 782 542 ἐάν.
811 472 848 541 τδ
862 465 1156 561 μὲνοάνπράγμα,

201 578 276 663 περὶ
292 569 336 644 οὖ
352 581 404 644 δεῖ
415 583 480 645 νῦν
496 574 582 663 ὑμᾶς
597 583 740 661 γνῶναι,
763 570 809 652 ὡς
823 576 861 641 ἐν
871 580 1041 661 κεφαλαίῳ
1053 600 1101 653 τις
1111 569 1156 642 ἀν

202 685 304 759 είποι,
315 673 406 741 τοῦτ’
419 678 517 743 ἐστίν.

177 781 195 834 6
278 773 349 842 Ἵνα
367 771 400 841 δ’
417 771 513 860 ὑμῶν
530 774 643 861 μηδεὶς
660 771 815 860 θαυμάζη
831 777 865 839 τί
880 770 1006 858 δήποτ’
1021 772 1084 858 ἐγώ
1095 797 1154 858 με.

201 882 316 960 τρίως,
329 872 374 952 ὥς
383 871 416 958 γ’
430 871 575 959 ἐμαυτὸν
585 878 704 958 πείθω,
715 872 775 939 τόν
785 869 889 939 άλλον
899 871 1023 958 χρόνον
1033 879 1153 960 βεβιω-

202 972 268 1052 κώς
284 980 349 1040 νῦν
367 976 403 1040 ἐν
421 970 527 1057 ἄγωσι
540 975 594 1040 καὶ
612 985 756 1058 γραφαῖς
773 975 943 1057 δημοσίαις
959 971 1155 1058 ἐξετάζομαι,

203 1070 365 1159 βούλομαι
381 1070 481 1158 μικρά
499 1070 582 1155 πρὸς
598 1068 684 1156 ὑμᾶς
698 1076 817 1139 εἰπεῖν·
839 1075 929 1137 ἔσται
940 1070 976 1137 δὲ
985 1068 1080 1137 ταῦτ’
1092 1067 1156 1137 οὐκ

203 1168 269 1237 άπο
290 1170 569 1256 τοῦπράγματος.
603 1169 667 1255 ἐγώ
688 1169 768 1255 γάρ,
792 1160 819 1235 ά
842 1167 959 1252 ἀνδρες
973 1166 1156 1256 Ἀθηναῖοι,

202 1265 419 1352 προσέκρουά
431 1265 601 1357 ἀνθράπφ
612 1275 747 1357 πονηρῷ
758 1269 813 1335 καὶ
823 1267 1091 1354 φιλαπεχθήμονι
1102 1273 1158 1338 καί

202 1377 295 1446 θεοῖς
305 1370 431 1457 ἐχθρῷ,
455 1359 677 1458 ᾦτελεντῶσα
689 1365 749 1453 ὅλη
761 1369 1008 1454 προσέκρουσεν
1019 1364 1039 1453 ἡ
1051 1365 1157 1451 πόλις,

177 1464 419 1551 λἈυδροτίωνα
440 1468 534 1551 λέγω.
570 1467 626 1533 καὶ
642 1465 790 1553 τοσοάτφ
802 1465 971 1552 δεινότερα
981 1462 1158 1553 Εὐκτήμο-

202 1593 261 1644 νος
283 1563 451 1651 ἠδικήθην
473 1562 532 1631 ὑπ’
560 1561 666 1632 αὐτοῦ
689 1563 776 1632 ὥσθ’
794 1563 811 1633 ὁ
829 1565 890 1651 μὲν
907 1562 1093 1651 Εὐκτήμων
1112 1572 1159 1645 είς

203 1660 339 1751 χρήματ’
353 1660 428 1730 ἔσθ’
443 1661 585 1742 ἀκακως
594 1668 738 1749 ἔπαθεν,
758 1664 822 1750 ἐμοὶ
836 1664 880 1752 δ’,
894 1672 923 1734 εί
931 1667 1160 1750 κατώρθωσεν

203 1766 326 1840 ἐκεῖνος
336 1759 379 1848 ἢν
395 1761 449 1829 ἐπ’
467 1760 518 1849 ἔμ’
535 1757 643 1850 ήλθεν
655 1760 753 1851 ὁδὸν,
778 1762 838 1850 οὐχ
850 1763 901 1833 ότι
911 1773 980 1832 των
990 1764 1101 1834 όντων
1116 1760 1161 1832 ἀν

204 1858 443 1946 ἀπεστερήμην,
456 1857 530 1929 ἀλλ’
543 1858 617 1929 οὐδ’
630 1857 673 1929 ἀν
684 1867 776 1949 ἔζην,
789 1860 863 1930 οὐδ’
875 1860 896 1931 δ
906 1862 1023 1932 κοινόν
1034 1863 1160 1933 ἅπασίν

203 1962 302 2043 ε’στιν,
315 1957 545 2045 ἀπαλλαγῆναι
554 1968 615 2027 τοῦ
626 1966 713 2047 βίον,
725 1963 844 2050 ῥηίδιον
853 1955 897 2048 ήν
910 1961 954 2030 ἀν
964 1991 1029 2048 μοι.
1052 1969 1161 2032 αἰτια-

205 2058 348 2145 σάμενος
364 2060 429 2145 γάρ
446 2086 487 2146 με
503 2056 526 2126 ά
542 2061 595 2127 καὶ
606 2061 714 2145 λέγειν
725 2058 769 2128 άν
778 2088 826 2141 τις
836 2059 1010 2148 ὀκνήσειεν
1021 2055 1060 2130 εὖ
1071 2089 1161 2149 φρο-

205 2166 292 2246 νων,
304 2156 363 2227 τόν
374 2161 519 2245 ἐμαυτοῦ
530 2162 654 2242 πατέρα
667 2157 711 2238 ὡς
722 2158 901 2246 ἀπέκτονα,
914 2158 1065 2248 ἀσεβείας
1075 2188 1161 2247 γρα-

206 2258 275 2345 φήν
286 2257 533 2338 κατασκευάσας
544 2265 590 2338 είς
601 2257 715 2345 ἀγῶνα
726 2261 932 2346 κατέστησεν.
955 2262 992 2326 ἐν
1004 2260 1039 2327 δὲ
1049 2260 1159 2348 τούτῳ

203 2354 241 2422 τὸ
260 2360 408 2443 πέμπτον
425 2359 523 2443 με’ρος
533 2365 602 2425 τῶν
612 2358 736 2444 ψήφων
747 2354 789 2425 οὐ
799 2357 995 2446 μεταλαβοδν
1006 2350 1097 2443 ὦφλε
1108 2385 1160 2444 χι-

204 2463 292 2539 λίας,
310 2454 374 2541 ἐμω
387 2454 430 2542 δ’,
450 2455 559 2540 ὥσπερ
571 2450 615 2542 ἦν
627 2463 772 2541 δίκαιον,
791 2458 930 2544 μάλιστα
941 2460 1002 2544 μὲν
1015 2457 1069 2525 διά
1080 2457 1160 2536 τοὺς

204 2552 324 2640 θεοὺς,
347 2563 457 2623 ἔπειτα
477 2556 512 2622 δὲ
530 2557 585 2623 καὶ
602 2554 656 2622 διὰ
674 2555 753 2635 τούς
765 2558 954 2636 δικάζοντας
965 2553 1061 2643 ὑμῶν
1072 2557 1162 2625 ἐσά-

177 2662 281 2738 θθην.
314 2652 373 2720 τὸν
386 2650 428 2739 δή
437 2658 484 2732 είς
494 2661 630 2720 τοιαῦτα
641 2653 890 2739 καταστήσαντά
900 2653 935 2738 μ’
948 2653 1070 2733 ἀδίκως
1084 2652 1160 2723 ἀδι-

204 2752 369 2818 άλλακτον
387 2750 510 2837 ἐχθρὸν
526 2750 687 2838 ἡγούμην.
720 2750 803 2820 ίδοδν
820 2751 850 2819 δ’
869 2752 1049 2841 ἠδικηκότα
1060 2764 1159 2841 κοινῇ

202 2857 314 2916 πᾶσαν
324 2847 387 2935 τήν
398 2850 496 2917 πόλιν
507 2852 646 2936 καὶπερὶ
658 2849 720 2935 τήν
730 2858 901 2939 εἴσπραξιν
910 2862 978 2921 τῶν
989 2860 1160 2945 εἰσφορῶν

202 2949 258 3014 καὶ
270 2948 344 3031 περὶ
354 2945 417 3032 τήν
428 2954 559 3034 ποίησιν
567 2956 636 3016 των
645 2957 824 3035 πομπείων,
831 2953 885 3018 καὶ
894 2952 1042 3038 χρήματα
1050 2952 1159 3021 πολλά

201 3051 260 3131 τῆς
270 3051 355 3112 θεοῦ
367 3045 500 3112 καὶτῶν
511 3048 697 3133 ἐπωνύμων
709 3050 763 3117 καὶ
773 3056 831 3134 τῆς
842 3049 968 3130 πόλεως
978 3058 1094 3138 ἔχοντα
1102 3054 1161 3120 καὶ

202 3141 265 3212 οὐκ
283 3142 499 3232 ἀποδιδόντα,
520 3140 630 3232 ήλθον
649 3147 699 3215 ἐπ’
720 3146 824 3216 αὐτὸν
841 3147 911 3234 μετ’
931 3148 1160 3238 Εὐκτήμονος,

201 3239 388 3331 ἡγούμενος
398 3243 594 3333 ἁρμόττοντ’
610 3252 779 3334 εἰληφέναι
789 3247 908 3333 καιρὸν
918 3257 980 3316 τοῦ
989 3255 1164 3336 βοηθῆσαί

202 3339 242 3406 θ’
255 3341 323 3428 άμα
334 3352 375 3431 τῇ
384 3343 478 3413 πόλει
488 3347 543 3412 καὶ
553 3353 714 3431 τιμωρίαν
725 3345 808 3433 ὑπὲρ
821 3340 870 3415 οἷν
883 3347 1083 3416 ἐπεπόνθειν
1097 3356 1160 3415 λα-

203 3446 284 3524 βεῖν.
316 3447 500 3529 βουλοίμην
517 3442 548 3511 δ’
563 3440 606 3511 άν
615 3447 675 3530 ἐμέ
682 3471 717 3513 τε
728 3462 836 3532 τυχεῖν
845 3440 894 3514 οἷν
904 3448 1067 3534 βούλομαι
1075 3456 1161 3515 τοῦ·

178 3533 265 3603 9τόν
274 3563 309 3604 τε
322 3549 445 3608 παθεῖν
456 3533 504 3609 ὦν
515 3542 604 3624 άξιός
615 3548 690 3613 ἐστι.
723 3555 784 3615 τοῦ
795 3548 831 3615 δὲ
842 3548 1032 3634 πράγματος
1043 3543 1162 3616 οὐκέτ’
