2370 3854
176 204 317 265 ΚΑΤΑ
338 201 639 265 ΑΡΙΣΤΟΓΕΙ
643 201 747 264 ΤΟΝ
755 203 825 265 ΟΣ
842 207 882 265 Α.
943 201 1005 268 287

56 367 120 434 κόν
130 363 173 435 οδ
183 367 350 449 παρέχων;
368 359 406 430 τά
419 368 589 429 τελευταῖα
602 361 637 431 δὲ
648 364 742 431 ταυτλ
751 364 878 444 πάντας
889 370 936 444 είς
945 392 1005 433 τα-

57 462 162 554 ραχήν
171 466 226 533 καλ
243 463 361 531 στάσιν
377 459 554 546 ἐμβάλλειν
571 461 723 547 ζητήσας,
746 459 907 549 γράμματ’
920 467 1005 532 ἐκτι-

55 567 128 644 θελς
148 568 272 650 ψευδῆ,
286 560 382 649 ,ὅλως
403 557 434 626 δ’
448 559 501 626 ἐπὶ
517 567 565 647 τῷ
581 559 717 628 πάντων
732 569 826 650 κακῶ
836 559 1005 648 πεφυκὼς,

56 667 111 732 καλ
127 663 293 748 πρόδηλος
307 655 355 727 ῶν
373 656 423 726 ὅτι
441 657 591 736 τοιοῦτός
607 661 675 726 ἐστι
692 667 740 748 τῶ
749 668 820 749 βίῳ.
855 673 1006 728 σκοπεῖτε

10 790 46 843 51
56 762 131 848 γάρ.
161 763 244 828 είσλν
255 755 342 845 ὁμοῦ
353 756 521 843 δισμύριοι
539 756 659 836 πάντες
675 754 854 843 Ἀθηναῖοι
876 759 1006 826 τούτων

57 861 194 937 ἕκαστος
205 857 243 924 ἓν
253 857 293 943 γε’
301 881 333 923 τι
343 853 497 940 πράττων
507 853 658 943 κατάτήν
668 853 1006 944 άγοράνπεριέρχεται

56 955 129 1043 ήτοι
140 953 182 1040 νή
195 951 256 1022 τόν
266 951 429 1039 Ἡρακλέα
445 960 515 1020 τῶν
530 961 657 1022 κοινῶν
673 950 696 1041 ή
712 962 780 1023 τῶν
790 961 893 1024 ἰδίων.
936 953 1003 1024 ἀλλ’

56 1051 118 1139 οὐχ
130 1045 228 1131 οὗτος
238 1050 351 1136 ου’δὲν,
361 1047 435 1120 οὐδ’
448 1045 493 1119 άν
504 1055 571 1138 ἔχοι
578 1057 679 1133 δεῖξαι
689 1051 773 1139 πρός
784 1053 849 1143 ότφ
859 1081 920 1124 τον
930 1062 1006 1142 βίον

56 1156 203 1231 ἐστλτῶν
213 1155 356 1236 μετρίων
366 1143 389 1234 ή
400 1157 524 1216 καλῶν.
563 1147 636 1234 οὐχὶ
646 1157 715 1218 τῶν
732 1161 911 1220 πολιτικῶν
923 1150 1006 1237 ἄγα-

55 1259 132 1319 θῶυ
143 1249 191 1318 ἐπ’
204 1246 319 1317 οὐδενὶ
329 1255 371 1335 τή
381 1254 470 1333 ψυχή
484 1251 656 1334 διατρίβει·
679 1247 721 1316 οδ
737 1253 868 1336 τέχνης,
891 1249 932 1319 οὐ
949 1264 1067 1337 γε-786

58 1358 188 1436 ωργίας,
202 1345 265 1416 οὐκ
277 1345 379 1433 άλλης
395 1349 549 1430 ἐργασίας
569 1344 724 1433 οόδεμιοῖς
732 1351 943 1433 ἐπιμελεῖται·
963 1348 1006 1418 οὐ

58 1453 323 1534 φιλανθρωπίας,
336 1441 396 1531 οὐχ
408 1441 535 1530 ὁμιλίας
548 1442 703 1531 οὐδεμιᾶς
714 1446 826 1515 οὐδενὶ
837 1464 1005 1518 κοινωνεῖ·

10 1543 142 1624 mano}
154 1544 330 1630 πορεύεται
342 1542 395 1610 διά
410 1551 469 1630 τῆς
487 1542 626 1631 άγοριῖς,
651 1543 761 1630 ῶσπερ
784 1552 848 1632 ἔχις
866 1541 886 1633 ή
903 1568 1006 1632 σκορ·

56 1652 139 1731 πίος,
151 1641 260 1732 ήρκῶς
270 1640 307 1710 τὸ
319 1644 468 1729 κέντρον,
481 1641 590 1731 ᾄττων
600 1649 700 1732 δεῦρο
711 1643 858 1733 κάκεῖσε,
871 1654 1007 1715 σκοπῶν

55 1751 120 1811 τίνι
131 1737 342 1829 συμφοράνή
353 1749 566 1829 βλασφημίαν
575 1737 598 1830 ή
603 1742 709 1813 κακόν
719 1771 751 1813 τι
760 1747 1006 1833 προστριψάμε-

56 1870 115 1922 νος
126 1844 181 1910 καλ
199 1841 404 1927 καταστήσας
421 1847 467 1921 είς
484 1843 596 1929 φόβον
610 1839 772 1930 άργόριον
789 1845 1005 1933 εἰσπράξεται.

60 1939 140 2010 οὐδὲ
151 1949 340 2028 προσφοιτᾷ
355 1940 440 2025 πρός
454 1968 486 2008 τι
505 1939 635 2009 τούτων
645 1951 713 2010 τῶν
724 1945 760 2011 ἐν
770 1951 810 2033 τή
821 1945 915 2014 πόλει
925 1971 1007 2013 κου-

58 2047 157 2124 ρείων
167 2034 190 2125 ή
202 2047 426 2124 μυροπωλίων
444 2039 466 2127 ή
483 2047 552 2107 τῶν
561 2038 673 2109 ἄλλων
688 2043 912 2127 ἐργαστηρίων
928 2040 1007 2111 οὐδὲ

58 2138 142 2225 πρὸς
153 2140 206 2206 ἕν·
230 2136 299 2207 ἀλλ’
312 2136 503 2221 άσπειστος,
515 2135 708 2223 άνίδρυτος,
722 2137 873 2225 άμικτος,
895 2137 937 2207 οὐ
947 2141 1007 2224 χά-

58 2265 123 2324 ριν,
142 2235 184 2304 οὐ
203 2243 334 2321 φιλίαν,
357 2233 420 2302 οὐκ
431 2233 500 2303 ἄλλ’
513 2233 613 2304 οὐδὲν
626 2228 675 2303 ῶν
686 2237 867 2321 ἅνθρωπος
878 2243 1007 2322 μέτριος

57 2336 265 2422 γιγνῶσκων.
298 2329 372 2417 μεθ’
386 2324 434 2399 ῶν
455 2331 486 2398 δ’
499 2336 534 2400 οί
552 2333 720 2418 ζωγράφοι
736 2333 816 2413 τούς
832 2332 960 2420 ἀσεβεῖς
970 2337 1007 2402 ἐν

58 2439 166 2503 Ᾰίδου
177 2432 384 2519 γράφουσιν,
406 2427 642 2517 μετάτοότωυ,
664 2427 730 2517 μετ’
744 2428 1009 2520 ιἰράςκαλβλασ-
1124 2424 1127 2428 ’

58 2536 183 2616 φημίας
204 2534 260 2599 καὶ
280 2530 417 2616 φθόνον
427 2531 483 2597 καὶ
495 2529 641 2608 στάσεως
648 2531 703 2598 καλ
714 2536 863 2614 νείκους,
876 2534 992 2618 περιέρ

15 2658 156 2720 ςςχεται.
188 2628 249 2701 εδδ
263 2627 305 2700 δν
321 2627 400 2698 οὐδὲ
416 2635 485 2696 τῶν
502 2631 538 2697 ἐν
548 2633 655 2697 Αἴδου
664 2637 758 2697 θεῶν
769 2626 858 2708 εἰκός
869 2631 937 2696 ἐστι
948 2655 998 2695 τυ

58 2745 128 2818 χεῖν
136 2737 236 2801 ἵλεων
245 2781 254 2816 ,
273 2726 342 2798 ἄλλ’
357 2735 403 2808 είς
413 2725 632 2816 τοάςάσεβεῖς
643 2725 797 2815 ῶσθήναι
809 2725 862 2794 διά
873 2725 934 2813 τήν
945 2752 1009 2795 πο-Ι

58 2837 178 2916 νηρίαν
189 2837 250 2898 τοῦ
261 2835 347 2916 βίου,
359 2835 480 2897 τοῦτον
490 2823 583 2912 ὑμεῖς
599 2824 780 2896 άδικοδντα
797 2826 955 2914 λαβόντες
967 2825 1008 2895 οό

58 2930 166 3015 μόνον
177 2926 218 2997 οὐ
229 2928 467 3015 τιμωρήσεσθε,
480 2925 562 2995 άλλά
575 2928 629 2994 καὶ
639 2926 799 3012 μειζόνων
810 2922 1008 3006 άξιῶσαντες

60 3033 195 3114 δωρεῶν
211 3024 354 3114 άφήσετε
370 3020 394 3112 ή
410 3026 489 3104 τούς
507 3021 693 3110 εδεργέτας;
718 3033 784 3092 τίνι
799 3022 864 3109 γάρ
876 3021 1009 3089 πῶιιοτε

60 3124 154 3212 ὑμεῖς
164 3131 267 3211 ἔδοτε,
288 3122 346 3191 ἐάν
358 3123 447 3212 όφλη
457 3150 488 3190 τι
497 3129 543 3210 τῶ
555 3127 719 3213 δημοσίω,
741 3129 839 3190 τοῦτο
850 3118 894 3205 μή
907 3145 1008 3186 κατα-

59 3229 155 3295 θέντι
165 3234 233 3294 τῶν
244 3234 327 3293 ἴσων
338 3226 497 3310 μετέγειυς
509 3219 631 3290 οὐδενί.
653 3218 698 3307 μή
709 3226 826 3289 τοίνυν
836 3219 918 3306 μηδὲ
929 3219 1009 3286 τού-

60 3351 105 3415 τῳ
116 3323 194 3392 δότε
205 3329 281 3408 νῦν,
304 3319 389 3391 άλλά
401 3321 637 3409 τιμωρήσασθε
647 3321 703 3388 καὶ
713 3316 921 3404 παράδειγμα
932 3340 1007 3384 ποι-

56 3423 156 3511 ήσατε
166 3436 235 3502 τοῖς
246 3420 364 3499 άλλοις.
