2370 3854
257 234 401 294 ΚΑΤΑ
423 229 884 292 ΑΡΙΣΤΟΚΡΑΤΟΥΣ.
983 226 1044 291 149

49 419 83 475 13
91 395 308 482 κατασχήσειν
327 391 390 481 τὴν
406 387 520 478 ἀρχήν.
553 393 609 458 καὶ
626 389 676 459 ὅτι
691 390 792 457 ταῦθ’
812 388 920 469 οὕτως
937 386 1044 480 ᾤοντο

90 499 145 563 καὶ
162 493 253 560 τοῦτ’
272 487 369 579 ἦντὸ
387 490 642 576 κατασκεύασμα
653 486 779 573 αύτοίς,
801 487 842 557 τὰ
853 491 1045 575 πραχθέντα

90 592 175 661 αὐτὰ
196 604 378 677 κατηγορεῖ.
420 589 488 677 ἅμα
509 587 572 674 γὰρ
594 596 640 676 τῷ
657 591 788 677 πολέμῳ
806 612 841 656 τε
857 591 1046 674 ἐνεχείρουν

90 689 186 759 αὐτοὶ
209 691 264 757 καλ
285 686 368 773 πρὸς
390 684 474 773 ὑμᾶς
494 679 576 774 ἧκεν
589 685 821 774 Ἀριστόμαχος
842 684 1046 774 πρεσβευτὴς

91 787 171 874 παρ’
186 787 299 857 αὐτῶν
311 785 570 873 ὁἈλωπεκῆδεν
580 783 710 869 οὑτοσὶ,
733 783 770 865 ὂς
781 784 865 853 ἄλλα
876 811 911 853 τε
923 787 1046 872 ἐδημη·

90 889 184 975 φόρει
201 883 282 973 παρ’
300 883 381 972 ὑμῖν
398 887 543 953 ἐπαινῶν
560 888 615 952 καὶ
632 883 762 964 διεξιών
778 882 839 953 τὸν
856 888 1046 974 Κερσοβλέ-

91 1013 178 1073 πτην
188 987 243 1053 καλ
251 985 519 1071 τόνΧαρίδημον,
527 980 571 1062 ὡς
581 983 831 1071 φιλανθρώπως
840 987 951 1070 ἔχουσι
961 981 1107 1068 πρὸςδλὸ

52 1097 84 1151 14
92 1084 193 1174 ὑμᾶς,
208 1088 262 1154 καὶ
273 1085 380 1172 μόνον
392 1082 586 1171 ἀνθρώπων
598 1078 641 1149 ἂν
652 1087 716 1167 ἔφη
727 1087 921 1169 Χαρίδημον
928 1080 1047 1169 Ἀμφί-
1161 1154 1163 1159 ,

91 1194 189 1253 πολιν
209 1190 411 1269 κομίσασθαι
432 1190 472 1271 τῇ
494 1183 588 1250 πόλει
612 1180 795 1268 δύνασθαι,
829 1186 884 1250 καὶ
905 1183 1048 1270 παρῄνει

92 1282 277 1369 στρατηγὸν
297 1291 533 1368 χειροτονῆσαι.
568 1277 744 1366 ἡτοίμαστο
770 1284 790 1348 δ
819 1279 931 1358 αὐτοῖς
947 1287 1045 1348 τοῦτο

95 1382 131 1450 τό
144 1381 382 1468 προβούλευμα
393 1383 447 1449 καὶ
457 1378 684 1468 προδιῴκητο,
703 1382 759 1445 ἵνα
772 1383 803 1444 εί
811 1385 998 1463 πεισθείητε
1010 1383 1046 1446 ἐκ

92 1491 161 1548 τῶν
171 1479 382 1566 ὑποσχέσεων
393 1481 448 1547 καὶ
458 1486 526 1546 τῶν
537 1481 689 1562 ἐλπίδων,
700 1473 739 1555 δὶς
749 1473 1047 1564 ὑπίτεινενὸἉρι-
1152 1472 1157 1489 ’

94 1579 271 1666 στόμαχος,
295 1574 401 1657 εὐθὺς
419 1575 654 1662 ἐπικυρώσειεν
665 1573 682 1643 ὁ
695 1580 798 1662 δῆμος
808 1577 862 1644 καὶ
872 1578 976 1662 μηδὲν
987 1581 1045 1662 ἐμ-

53 1698 85 1752 15
95 1676 209 1746 ποδοδν
226 1688 284 1763 είη.
319 1682 425 1745 καίτοι
441 1683 512 1757 πῶς
526 1673 570 1744 ἂν
579 1674 814 1762 τεχνικώτερον
825 1671 847 1762 ἢ
858 1675 1046 1761 κακουργό-

93 1803 192 1862 τερον
202 1777 524 1864 συμπαρεσκεύασαν
535 1775 711 1863 δίνθρωποι
723 1774 812 1854 ὅπως
824 1779 858 1842 οί
871 1775 933 1860 μέν
949 1777 1042 1842 ἐκπε-

95 1887 232 1946 σοῦνται
243 1886 311 1945 τών
321 1878 496 1967 βασιλέων,
509 1871 554 1955 εἷς
566 1873 610 1961 δ’,
623 1872 664 1943 δν
675 1872 770 1942 αύτοὶ
780 1873 968 1960 βούλονται,
980 1881 1047 1939 ποῖ-

96 1997 159 2043 σαν
176 1974 238 2063 ὑφ’
257 1974 363 2045 αὑτὸν
380 1977 550 2063 ποιήσεται
566 1974 629 2061 τὴν
640 1973 761 2061 ἀρχὴν,
782 1970 805 2061 ἢ
814 1972 893 2053 τούς
903 1974 965 2060 μέν
975 1988 1047 2041 τοῖν

95 2080 191 2143 δυοῖν
201 2076 436 2163 βοηθήσαντας
446 2071 490 2143 ἂν
501 2081 546 2153 είς
557 2074 665 2161 φόβον
677 2076 731 2141 καὶ
748 2072 972 2159 συκοφαντίας
989 2073 1047 2140 εύ-

94 2175 230 2260 λύβειαν
252 2175 486 2260 καθιστάντες,
513 2171 556 2258 ἣν
578 2172 667 2251 είκός
688 2177 879 2255 προσδοκᾶν
900 2175 1046 2249 ἐκείνους

95 2271 147 2357 ἐφ’
163 2269 301 2348 ἑαυτούς
312 2276 424 2338 ἐλθεῖν
434 2268 478 2336 ἂν
489 2269 544 2338 διὰ
554 2279 616 2336 τοῦ
627 2277 835 2356 ψηφίσματος
846 2274 990 2355 τουτουί,
1001 2276 1047 2358 τῷ

98 2368 128 2434 δ’
150 2371 198 2434 ἑνί
215 2368 392 2449 πράττοντι
410 2367 472 2451 τὴν
488 2365 594 2452 ἀρχὴν
611 2369 666 2434 καὶ
683 2366 792 2433 πύντα
807 2365 965 2437 τάναντία
981 2380 1048 2444 τοῖς

99 2464 178 2551 ύμῖν
193 2468 402 2551 συμφέρουσι
418 2465 694 2545 κατασκευάζοντι
710 2465 875 2553 τοσαύτην
895 2468 1047 2546 ἐξουσίαν

59 2563 247 2643 16διδόντες
262 2573 324 2632 τού
339 2563 433 2633 ταῦτ’
452 2563 738 2651 ύδεοίςπροῖττεινς
761 2563 804 2633 ού
815 2572 931 2634 τοίνυν
940 2565 1047 2652 μόνον

96 2668 131 2733 ἐκ
144 2664 273 2732 τούτων
285 2663 390 2750 δῆλόν
399 2661 468 2733 ἐσθ’
481 2662 532 2732 ὅτι
542 2664 670 2733 τούτων
680 2661 762 2733 ἕνεκ’
775 2664 902 2752 ἐρρήθη
914 2664 951 2732 τό
962 2687 1048 2750 προ·

95 2763 264 2850 βούλευμα
276 2755 325 2831 οἷν
335 2767 431 2849 λέγω,
442 2761 526 2832 ἄλλα
537 2766 592 2832 καὶ
604 2767 639 2831 ἐκ
650 2770 711 2831 τοῦ
722 2769 931 2850 ψηφίσματος
942 2761 1048 2830 αὐτοῦ

96 2867 259 2948 μαρτυρία
275 2869 323 2942 τίς
339 2865 427 2931 ἐστιν
446 2861 637 2950 εύμεμέδης.
671 2857 714 2929 δν
729 2861 793 2947 γαρ
811 2859 989 2951 ἀποκτείνῃ
999 2888 1047 2940 τις

97 2967 290 3047 Χαρίδημον
300 2962 446 3051 γράψας,
468 2967 522 3032 καὶ
533 2959 731 3050 παραβάςτὸ
748 2969 784 3031 τί
796 2962 982 3046 πράττοντα
1000 2967 1048 3028 εί-

98 3077 189 3147 πεῐν,
211 3057 672 3150 πότερήμῐνσνμφίρονταῆ
684 3056 742 3146 ού,
764 3063 931 3145 γέγραφεν
942 3056 1047 3137 εύδύς

57 3176 89 3231 17
98 3159 270 3247 ἀγώγιμον
280 3163 315 3228 ἐκ
327 3168 395 3229 τῶν
406 3160 586 3248 συμμάχων
597 3158 690 3228 εἶναι.
712 3154 915 3227 ούκοῦντοὸν
924 3157 984 3244 μὲν
994 3162 1047 3244 ἐχ-

96 3267 195 3344 θρῶν
206 3257 327 3345 ὁμοίως
336 3256 415 3346 ἡμίν
425 3287 460 3328 τε
471 3257 613 3350 κάκείνῳ
626 3254 774 3326 οὐδέποτ’
787 3261 833 3335 είς
843 3252 921 3336 τούς
930 3252 1030 3344 ἡμετέ

98 3386 178 3443 ρους
188 3359 257 3446 ἥξει
269 3360 461 3446 συμμάχους
471 3357 596 3442 ούδείς,
620 3354 693 3426 οὔτ’
713 3353 908 3434 ἀποκτείνας
919 3358 1046 3424 ἐκείνου

98 3455 175 3525 οὔτε
192 3455 254 3545 μὴ,
277 3455 359 3525 ὥστ’
378 3456 419 3525 ού
437 3456 520 3527 κατὰ
537 3457 666 3526 τούτων
683 3458 828 3544 γέγραφε
844 3454 969 3542 ταύτην
986 3453 1048 3539 τὴν
