2370 3854
382 228 525 290 ΚΑΤΑ
555 226 800 289 MEIAIOY.
1029 229 1071 292 93

116 405 247 469 σκοπεῖς
265 389 285 455 ό
301 384 390 473 τιμή
409 387 567 473 λυπήσεις
583 384 662 466 τούς
680 385 803 468 άλλους
820 399 934 457 ποιων.
968 392 1023 459 καὶ
1032 391 1070 459 τὰ

116 488 156 578 δή
174 487 412 575 σχετλιώτατον
429 487 484 553 καὶ
502 487 656 571 μέγιστον
673 491 783 572 ἔμοιγε
801 492 927 557 δοκοῦν
942 488 1072 576 ύβρεως

116 587 361 673 εἶναισημεῖον·
373 582 765 670 τοσούτωνάνθρύπων,
778 579 806 653 ύ
818 588 919 682 μιαρά
931 586 1070 674 κεφαλή,

116 686 159 754 σύ
171 684 352 770 παρελθών
362 679 501 765 άθρόωυ
511 682 721 769 κατηγόρεις,
741 679 760 749 δ
771 690 820 763 τίς
832 681 894 752 ούκ
906 683 949 752 άν
960 692 1072 772 ἔφριξε

116 780 468 872 ποιήσαιτύνάλλων;

56 891 107 949 136
203 889 280 959 Τοῖς
295 881 357 965 μὲν
376 884 492 946 τοίνυν
514 876 625 957 ἄλλοις
643 876 768 946 άπασιν
788 877 982 965 άνθρύποις
1003 880 1073 968 ὁρῶ

115 995 183 1060 τοῖς
193 982 410 1066 κρινομένοις,
425 969 582 1062 τόάνδρες
593 970 752 1065 δικασταὶ,
765 982 803 1047 ἓν
813 979 906 1068 μδυή
919 981 980 1049 δύο
993 981 1073 1050 όντιι

116 1078 319 1166 τάδικήματα
331 1073 352 1144 ά
363 1089 607 1163 κατηγορεῖται,
629 1076 751 1161 λόγους
769 1076 805 1144 δὲ
816 1075 993 1162 άςοθόνους
1003 1106 1074 1147 τοι-

117 1177 237 1256 ούτους
254 1173 464 1261 ὑπάρχοντας
474 1171 546 1251 “τίς
563 1171 659 1259 ὑμῶν
676 1177 751 1260 ἐμοί
764 1202 796 1243 τι
815 1178 950 1245 σύνοιδε
961 1185 1074 1247 τοιοῦ-

113 1273 208 1354 “τον;
225 1282 273 1353 τίς
284 1271 380 1358 ὑμῶν
391 1272 446 1358 ἐμὲ
456 1269 560 1339 ταῦθ’
572 1271 689 1355 ἑόρακε
701 1282 862 1342 ποιοῦντα
870 1305 884 1364 χ
900 1275 962 1344 ούκ
972 1282 1072 1362 ἔστιν,

114 1371 210 1441 “άλλ’
224 1365 318 1441 οὗτοι
330 1368 374 1437 δι’
389 1375 514 1455 ἔχθραν
524 1369 791 1449 καταψεύδονταί
799 1399 882 1458 μου,
906 1387 1074 1455 καταψευ-

114 1464 436 1555 “δομαρτυρούμαι,”
458 1469 499 1535 τά
516 1475 668 1535 τοιαῦτα·
690 1467 796 1557 τούτῳ
816 1466 847 1535 δ’
861 1462 1074 1540 αύτάναντία

58 1590 108 1644 137
118 1571 256 1636 τούτων.
292 1567 419 1646 πάντας
434 1565 499 1652 γάρ
510 1563 596 1651 ὑμεῖς
608 1568 731 1634 είδίναι
741 1573 861 1653 νομίζω
875 1566 936 1636 τόν
945 1570 1074 1654 τρόπον

117 1671 173 1736 καὶ
183 1667 245 1753 τήν
257 1664 431 1752 άσέλγειαν
440 1666 496 1733 καὶ
506 1663 569 1750 τήν
579 1662 814 1752 ὑπερηφανίαν
824 1673 886 1735 τοῦ
903 1675 998 1755 βίου,
1019 1671 1074 1736 καί

117 1766 218 1834 πάλαι
235 1765 420 1851 θαυμάζειν
436 1767 545 1842 ἐνίους
569 1763 660 1851 οἶμαι
688 1755 738 1831 ύν
760 1762 854 1834 αὐτοὶ
871 1766 934 1852 μὲν
951 1776 1072 1852 ίσασιν,

117 1864 178 1933 οὐκ
196 1862 359 1951 ἀκηκόασι
370 1866 407 1931 δὲ
418 1871 483 1931 νύν
494 1866 584 1948 ἐμοῦ.
619 1861 1075 1942 πολλούςδὲτῶνπεπονθό-

115 1990 184 2032 των
205 1960 284 2031 ούδὲ
305 1960 411 2029 πάνθ’
430 1959 494 2030 ὅσα
509 1959 681 2048 ἠδίκηνται
698 1976 879 2049 μαρτυρεῖν
897 1967 1076 2041 ἐθέλοντας

115 2061 185 2150 ὁρῶ
193 2114 202 2147 ,
217 2062 279 2149 τήν
290 2069 368 2149 βίαν
379 2064 434 2130 καὶ
445 2061 507 2148 τήν
518 2062 840 2147 φιλοπραγμοσύνην
851 2058 1002 2145 ὁρῶντας
1011 2059 1075 2148 τήν

115 2162 239 2231 τούτου
250 2165 305 2229 καὶ
317 2159 380 2247 τήν
391 2158 649 2247 άφορμήν,ήπερ
661 2157 799 2245 ίσχυρόν
808 2173 897 2227 ποιεῖ
905 2163 959 2227 καὶ
970 2166 1075 2246 φοβε-

56 2274 109 2327 138
118 2260 180 2347 ρὸν
191 2260 252 2328 τόν
263 2261 495 2327 κατάπτυστον
505 2265 646 2324 τουτονί.
666 2255 704 2323 τὸ
714 2257 779 2341 γάρ
792 2254 844 2324 ἐπ’
858 2259 1008 2336 ἐξουσίας
1019 2259 1075 2324 καὶ

119 2360 267 2426 πλούτου
276 2354 425 2441 πονηρόν
435 2354 519 2422 εἶναι
527 2352 749 2441 καὶὺβριστήν
757 2355 861 2440 τεῖχός
870 2359 937 2422 ἐστι
946 2358 1029 2440 πρὸς
1037 2353 1073 2424 τὸ

118 2457 222 2543 μηδὲν
233 2448 277 2521 άν
288 2451 392 2521 αύτόν
402 2456 434 2532 ἐξ
445 2456 622 2539 ἑπιδρομής
633 2462 765 2537 παθεῖν,
777 2454 846 2521 ἐπεὶ
855 2444 1076 2540 περιαιρεθεὶς

118 2547 216 2636 οὗτος
226 2552 267 2624 τά
276 2551 360 2624 ὄντα
366 2560 448 2639 ,ἴσως
459 2552 520 2637 μὲν
531 2549 593 2620 ούκ
605 2547 649 2620 άν
658 2548 793 2639 ὑβρίζοι,
807 2559 838 2621 εί
848 2551 880 2620 δ’
892 2549 967 2639 άρα,
981 2553 1076 2623 ἐλάτ-

117 2682 213 2734 τονος
233 2652 323 2735 άξιος
345 2658 436 2721 ἔσται
452 2659 514 2720 τοῦ
530 2651 731 2738 μικροτάτου
748 2649 826 2737 παρ’
847 2649 944 2739 ὑμῖν·
967 2653 1075 2739 μάτην

118 2753 182 2840 γάρ
195 2753 424 2840 λοιδορήσεται
433 2753 488 2820 καὶ
499 2751 664 2839 βοήσεται,
677 2755 774 2837 δίκην
785 2749 828 2835 δ’,
840 2746 884 2820 άν
896 2749 1074 2839 άσελγαίνη
1085 2761 1138 2832 5'60

57 2877 108 2933 139
118 2881 166 2939 τι,
178 2867 245 2930 τοῖς
257 2850 369 2930 άλλοις
379 2847 461 2937 ἡμῖν
472 2854 505 2931 ἐξ
517 2859 592 2920 ίσου
605 2849 711 2918 δύσει.
741 2857 808 2918 νύν
819 2848 864 2934 δ’,
877 2849 983 2937 οἶμαι,
995 2850 1076 2918 τού-

119 2976 180 3018 του
201 2954 424 3039 προβέβληται
444 2947 672 3034 Πολύευκτος,
698 2949 921 3035 Τιμοκράτης,
943 2946 1075 3033 Εὐκτή-

119 3074 192 3135 μων
212 3046 230 3115 ὁ
249 3050 438 3137 κονωρτός·
458 3056 605 3118 τοιοῦτοί
614 3051 700 3127 τινές
712 3053 774 3115 εἰσι
784 3046 990 3133 μισθοφόροι
1000 3048 1076 3132 περὶ

120 3145 240 3234 αὐτόν,
263 3149 319 3216 καὶ
336 3147 419 3232 πρός
435 3152 482 3216 ἔτι
499 3148 606 3235 ἕτεροι
615 3147 762 3231 τούτοις,
786 3144 965 3231 μαρτύρων
976 3163 1076 3212 συνε-

120 3255 231 3315 στῶσα
248 3248 404 3332 ἑταιρεία,
426 3254 580 3333 φανεράς
596 3244 656 3331 μὲν
674 3241 735 3314 οὐκ
746 3241 975 3327 ἐνοχλούντων
986 3240 1075 3329 ὑμῖν,

120 3356 196 3434 σιγή
207 3346 243 3415 δὲ
249 3347 292 3414 τά
299 3349 406 3432 ψευδή
414 3343 502 3435 ῥᾷστ’
514 3345 745 3413 ἐπινευόντων.
766 3337 825 3420 ούς
833 3339 878 3427 μά
887 3339 1077 3422 τοδςθεούς

120 3441 221 3514 ούδὲν
243 3442 447 3530 ὠφελεῖσθαι
464 3450 584 3531 νομίζω
603 3441 690 3532 παρά
709 3442 848 3512 τούτου·
872 3438 956 3511 άλλδι
975 3447 1080 3511 δεινοί
