2370 3854
160 236 224 301 454
351 239 485 296 xxxvn.
507 236 925 296 ΔΗΜΟΣΘΕΝΟΤΣ

160 425 221 466 τον
233 401 373 484 δημοσίᾳ
384 404 553 482 μισεῖσθαι
563 395 732 479 προσήκει.
755 398 829 479 λέγε
842 394 883 481 δη’
893 419 950 480 μοι
959 392 1018 476 τάς
1028 423 1116 484 μαρ-

161 504 291 581 τυρίας,
314 501 362 574 τίς
378 494 441 580 ἐγω
461 494 544 580 πρὸς
559 490 639 573 τοδς
657 493 909 581 συμβάλλοντας
931 493 1116 580 άνδρωπος

161 597 216 663 καὶ
228 592 310 679 πρὸς
320 591 399 672 τούς
410 597 589 678 δεομένους
601 598 675 678 εἰμί.

508 750 766 813 MAPTYPIAI.

119 902 152 952 55
250 893 424 969 Τοιοῦτος,
441 878 696 966 τάΠανταίνετε,
712 880 775 966 ἐγω
787 879 804 950 ὁ
816 880 898 969 ταχὺ
907 889 1049 971 βαδίζων
1060 887 1114 953 καὶ

161 993 310 1064 τοιοῦτος
321 983 364 1052 σύ
375 981 392 1052 ὁ
404 982 553 1068 ἀτρέμας.
582 976 664 1048 ἀλλά
676 979 742 1065 μην
754 983 828 1062 περὶ
838 988 899 1049 τοῦ
912 985 994 1069 ἐμοῦ
1003 1009 1041 1068 γε
1051 990 1116 1070 βα-

161 1087 316 1170 δίσματος
325 1078 347 1169 ἢ
355 1090 413 1168 τῆς
424 1084 597 1150 διαλέκτου
606 1075 734 1165 τάληθῆ
747 1075 839 1146 πάντ’
847 1083 914 1166 έριὸ
924 1078 1006 1166 πρὸς
1017 1078 1114 1168 ὑμᾶς,

162 1175 189 1249 ά
201 1181 321 1266 ἀνδρες
332 1182 493 1264 δικασταὶ,
505 1179 585 1266 μετά
597 1184 789 1264 παρρησίας.
818 1177 882 1263 ἐγώ
900 1176 964 1263 γάρ
977 1177 1049 1266 οὐχὶ
1059 1186 1116 1248 λέ-

161 1289 250 1367 ληθα
259 1278 413 1366 ἐμαυτόν,
432 1277 508 1347 οὐδ’
520 1276 633 1364 ἀγνοοῖ
650 1276 692 1345 οὐ
703 1284 771 1344 τῶν
784 1268 823 1343 εὖ
835 1277 1039 1362 πεφυκότων
1050 1305 1114 1345 κα·-

160 1377 200 1446 τά
210 1385 314 1445 ταῦτα
326 1373 375 1446 τόν
385 1375 589 1464 ἀνθρώπων,
598 1373 751 1443 οάδὲτων
759 1377 1025 1445 λυσιτελούντων
1036 1379 1116 1446 έαν·

160 1491 237 1554 τοῖς.
266 1482 296 1543 εί
304 1472 369 1561 γάρ
380 1479 418 1544 έν
429 1471 477 1554 οἷς
488 1476 593 1562 μηδὲν
609 1472 804 1562 ὠφελοῦμαι
814 1482 938 1564 ποιῶν,
958 1484 1054 1544 λυπῶ
1064 1504 1116 1544 τι·

118 1573 231 1661 ςςνάς,
244 1583 314 1654 πῶς
325 1573 388 1643 οὐκ
400 1572 510 1661 ἀτυχεῖ
522 1571 606 1642 κατά
618 1581 716 1642 τοῦτο
727 1571 765 1641 τό
777 1577 892 1661 μέρος;
915 1573 998 1643 ἀλλά
1009 1582 1044 1643 τί
1051 1573 1113 1663 χρὴ

158 1684 300 1755 παδεῐνς
323 1671 367 1742 ἀν
377 1682 423 1762 τῷ
435 1679 519 1743 δεῖνι
531 1679 689 1759 δανείσω,
712 1673 767 1741 διά
784 1682 889 1741 ταῦτα
900 1678 997 1761 δίκην
1009 1695 1116 1759 προσ·

160 1784 292 1861 οφλεῖνς
314 1780 480 1862 μηδαμῶς.
510 1779 630 1843 κακίαν
641 1770 705 1859 γάρ
716 1773 788 1859 ἐμοὶ
799 1776 854 1840 καὶ
865 1779 1028 1860 πονηρίαν
1040 1772 1117 1843 αδδ)

160 1867 260 1953 οὗτος
277 1882 473 1960 προσοῦσαν
491 1873 651 1960 οὐδεμίαν
672 1878 768 1952 δείξει
788 1869 865 1939 οὔθ’
877 1869 974 1958 ὑμῶν
996 1874 1119 1940 τοσοό-
1179 1942 1183 1951 ,

160 1999 228 2040 των
243 1970 353 2041 όντων
365 1970 444 2039 οὐδὲ
460 1967 507 2050 εἷς
518 1970 684 2038 σύνοιδεν.
702 1969 806 2037 τάλλα
819 1972 855 2036 δὲ
867 1967 964 2037 ταῦθ’
979 1970 1117 2051 ἕκαστος

160 2072 271 2160 ἡμῶν,
294 2072 384 2152 ὅπως
395 2077 506 2158 έτυχε,
521 2074 689 2157 πέφυκεν,
708 2068 807 2156 οἶμαι.
838 2070 894 2137 καὶ
905 2067 1118 2156 φάσειμάχε-

161 2281 230 2338 λων
242 2275 439 2358 διεφέρομεν
450 2267 582 2355 οὐδὲν),
604 2276 731 2354 γνῶναι
751 2265 782 2335 δ’
796 2267 913 2337 ίδόντα
930 2269 1044 2350 ἕτερον
1061 2269 1117 2335 καὶ

119 2387 152 2440 57
161 2372 333 2455 ἐπιπλῆξαι
343 2370 470 2459 ῥηίδιον.
496 2366 579 2437 ἀλλά
590 2373 625 2435 τί
631 2367 763 2435 τούτων
774 2368 844 2452 ἐμοὶ
855 2369 939 2451 πρὸς
952 2365 1003 2448 σὲ,
1021 2373 1117 2432 Παν-

160 2472 300 2546 ταίνετε;
322 2468 428 2536 πολλά
446 2469 502 2536 καὶ
513 2465 605 2536 δεινά
623 2469 811 2547 πέπονθαςς
834 2462 962 2532 οάκοῦν
979 2473 1117 2551 εἴληφας

162 2571 267 2652 δίκην.
292 2562 333 2633 οὐ
344 2564 418 2649 παρ’
432 2569 513 2653 ἐμοῦ
524 2593 578 2653 γε;
601 2563 680 2634 οὐδὲ
690 2563 755 2651 γάρ
773 2564 938 2653 ἠδικήθης
948 2560 1048 2633 οὐδὲν
1059 2562 1115 2632 ἀπ’

161 2667 253 2748 ἐμοῦ.
277 2660 319 2730 οά
329 2662 393 2749 γάρ
405 2663 449 2732 άν
459 2662 528 2733 ποτ’
541 2663 684 2752 ἀφῆκας,
698 2661 786 2747 οὐδ’,
799 2661 843 2732 ὅτ’
855 2660 995 2753 Εὐέργῳ
1007 2689 1114 2752 προη-

162 2768 225 2842 ροῦ
236 2763 423 2848 λαγχάνειν,
431 2773 543 2842 είασας
554 2763 619 2848 ἐμὲ,
628 2761 708 2831 οὐδὲ
715 2770 866 2849 πρατῆρα
877 2759 1017 2850 ἠξίωσας
1027 2761 1115 2831 ὑπο·

164 2868 280 2945 στῆναι
295 2859 356 2926 τόν
374 2886 412 2943 γε
429 2861 522 2928 δεινά
542 2880 578 2927 σε
596 2858 774 2928 καὶπολλὰ
792 2863 1017 2948 εἰργασμένον.
1044 2860 1113 2931 εἶτα

163 2962 218 3027 καὶ
229 2966 299 3038 πῶς
310 2954 355 3028 ἀν
366 2957 383 3026 ό
396 2957 440 3046 μη
459 2956 576 3045 παρών
594 2963 661 3045 μηδ
666 2958 853 3047 ’ἐπιδημῶν
869 2957 933 3044 ἐγώ
952 2967 986 3029 τί
993 2979 1030 3027 σε
1041 2958 1117 3046 ἠδό-

119 3079 265 3144 58κησα;
287 3065 318 3127 εί
327 3066 443 3127 τοίνυν
461 3055 506 3138 ἀς
518 3053 637 3128 οἷόντε
648 3055 768 3145 μέγιστ’
785 3055 967 3146 ἠδικῆσθαι
984 3064 1056 3146 δοίη
1067 3084 1117 3139 τις

163 3155 254 3246 αὐτῷ
265 3160 320 3225 καὶ
327 3161 414 3243 ἐρεῖν
424 3156 556 3226 ἀπαυτα
566 3157 698 3246 τάληθῆ
709 3160 783 3243 περὶ
794 3158 923 3226 τούτων
934 3158 1021 3243 νυνὶ,
1030 3159 1116 3225 έκεῖ-

163 3255 204 3322 νό
225 3253 253 3340 γ’
266 3255 356 3341 οἶμαι
373 3257 498 3337 πάντας
519 3253 562 3325 ἀν
585 3256 672 3344 ὑμᾶς
693 3255 912 3344 ὁμολογῆσαι,
935 3255 987 3327 ότι
1008 3254 1116 3325 πολλά

163 3361 372 3442 συμβέβηκεν
383 3353 568 3443 ἠδικῆσθαί
574 3378 661 3424 τισιν
672 3356 734 3443 ἥδη
746 3361 843 3443 μείζω
855 3363 923 3423 τοῖν
934 3361 980 3434 είς
989 3353 1116 3441 χρήμα-

162 3478 203 3518 τα
219 3457 427 3539 γηνομένων
445 3452 673 3542 ἀδικημάτων·
695 3456 750 3524 καὶ
768 3457 833 3542 γάρ
848 3452 999 3522 άκοόσιοι
1016 3451 1114 3539 φόνοι
