2370 3854
86 229 147 293 144
290 233 386 290 xxm.
420 227 837 290 ΔΗΜΟΣΘΕΝΟΥΣ

515 481 611 537 ΧΧΙΙΙ.

237 638 377 705 ΚΑΤΑ
407 634 888 707 ΑΡΙΣΤΟΚΡΑΤΟΥΣ.

327 804 545 863 ΛΙΒΑΝΙΟΥ
566 802 790 861 Pfloomz.
821 841 827 854 .

84 930 185 1030 Χαρί
184 941 321 1026 δημον
293 970 346 1009 τον
360 940 509 1029 Ὠρείτην,
531 942 696 1030 ηνούμενον
713 948 830 1021 ξενικοῦ
846 943 898 1005 καλ
915 961 1041 1029 στρατη·

84 1046 199 1144 νοῦνκα
203 1058 285 1118 παρα
272 1035 539 1139 Κερσοβλεπτη
509 1062 550 1100 τοι
537 1036 679 1123 Θρακης
689 1040 811 1139 βασιλει,
821 1036 945 1135 πολίτην
955 1041 1040 1137 σφῶν

86 1119 184 1186 αὐτῶν
191 1113 348 1219 Ἀθηναῖοι
360 1099 549 1202 ἐποιήσαντο,
566 1146 603 1183 τα
589 1100 667 1201 μὲν
677 1114 817 1222 γεγονότα
827 1111 974 1201 χρήσιμον
984 1144 1039 1183 αν-

84 1214 161 1284 τοῖς,
178 1228 215 1266 τα
203 1196 258 1266 δὲ
268 1207 487 1312 προσδοκῶντες
498 1205 540 1267 ἔτι
551 1210 663 1306 μᾶλλον
673 1200 859 1285 γενήσεσθαι
891 1202 960 1287 περὶ
970 1226 1038 1266 τον-

84 1314 136 1354 τον
154 1284 296 1389 ψηψισμα
312 1289 443 1372 ἔγραψεν
456 1281 710 1392 Ἀριστοκράτηςί
710 1313 728 1350 ν
739 1311 776 1372 τη
762 1291 925 1391 βονλψ
890 1292 1038 1349 τοιοῦτον·

85 1370 138 1437 ἐαν
148 1395 190 1446 τις
201 1364 358 1458 ἀποκτείνῃ
370 1366 593 1475 Χαρίδηρρον,’
575 1394 724 1474 ανωνηιος
736 1371 808 1433 ἔστω
819 1370 849 1446 ἐξ
860 1366 978 1474 απάοης
987 1376 1040 1472 τῆς

80 1452 209 1557 Ἀθηναί
209 1480 250 1519 αν
261 1475 378 1557 σνμμαη
377 1458 454 1530 ί·δος
478 1451 530 1518 ἐὰν
547 1456 580 1517 δέ
590 1480 632 1530 τις
642 1449 694 1555 τὸν
706 1449 851 1536 ιἰνόμενον
862 1447 1039 1560 ἆφίληταιῆ

83 1538 167 1613 πόλις
177 1566 197 1620 η
184 1534 342 1640 “ίδιοδτης,
359 1541 518 1612 ἔκσπονδος
529 1540 610 1601 ἔστω
632 1560 738 1601 τοντον
743 1543 967 1642 κατηνοριῖτοῦ
977 1554 1038 1621 ψη-

85 1627 227 1704 φίσματος
240 1615 419 1702 Εὐθυκλῆς,
441 1646 482 1722 τῳ
469 1623 708 1720 Δημοσθένοψς
718 1617 795 1724 λόνῳ
806 1619 970 1725 χρώμενος,
987 1621 1038 1685 καλ

84 1707 158 1811 ψησλ
172 1711 290 1813 πρῶτον
307 1706 361 1787 μὲν
376 1684 567 1813 παρανομρν
568 1700 688 1769 εἶναι
659 1729 691 1768 το
703 1702 860 1812 ψηψισμα,
884 1701 929 1768 ὅτι
939 1708 1038 1789 κρίσιν

85 1786 204 1870 ἆναιρεῖ
210 1814 260 1851 και
251 1786 462 1898 δικαστηρια,
474 1790 525 1852 καὶ
535 1815 591 1870 την
595 1784 771 1892 τιμωρίαν’
753 1812 812 1852 απο
823 1796 875 1894 τῆς
885 1791 980 1865 αἰτίας
989 1813 1037 1872 νε·
1024 1800 1082 1857 6-1λ

84 1872 290 1975 νραμμένην”
272 1897 351 1973 εχει,
367 1870 501 1955 δεύτερον
518 1868 601 1936 δὲ
565 1899 605 1954 μη
618 1875 723 1977 σνμψέ
722 1897 785 1957 ρειν
799 1880 860 1948 τοῖς
866 1868 1039 1977 Ἀθηναίοις

83 1979 222 2058 τοιαντην
233 1952 397 2057 Χαριδηριῳ
416 1957 521 2018 δοῦναι
512 1953 678 2062 δριρεοὶν·
683 1950 933 2105 απολοῦμενναρ,
953 1958 1036 2061 φησί,

85 2033 135 2102 διὰ
147 2037 253 2148 ταύτης
263 2018 463 2141 Χερρόνησον.
492 2061 524 2102 το
512 2032 568 2102 δὲ
578 2063 677 2186 οπωςλ
665 2066 682 2104 ο
669 2036 777 2186 ’έλόνος
790 2044 882 2143 δείξει.
917 2041 1038 2119 ἐξετάζει

84 2123 116 2186 δὲ
127 2124 177 2185 και
188 2117 243 2225 τὴν
253 2128 306 2184 τοῦ
315 2118 482 2230 προσοιπον
484 2119 677 2205 ποιότητα,λ
668 2125 753 2226 ίνοον
764 2148 819 2188 ουκ
830 2121 907 2188 εἶναι
918 2127 1037 2208 δωρεῶν

83 2201 204 2284 ξιον
176 2233 228 2271 τον
237 2209 408 2290 Χαρίδημον
434 2231 485 2268 και
495 2231 586 2270 ταντα
596 2231 745 2270 τοιοντων

365 2366 500 2423 ΕΤΕΡΑ
521 2363 746 2423 ΥΠΟΘΕΣΙΣ.

160 2468 203 2533 Η
208 2469 365 2554 Ευβοια
332 2499 352 2552 μ
365 2500 385 2535 α
395 2480 483 2553 νησος
495 2499 672 2557 καταντικρν
684 2499 735 2577 της
744 2468 1039 2623 Ἀττικης,δηηκονοα

80 2579 131 2635 της
145 2559 287 2629 Βοιωτίας
304 2557 407 2618 καί
370 2581 422 2658 της
432 2559 620 2665 Φρικίδος’
584 2583 665 2661 μεχρι
679 2583 738 2621 των
753 2552 897 2661 Ἀφετοόν·
916 2554 1037 2669 Ἀψετοιλ

82 2638 159 2701 δὲ
123 2663 174 2720 της
184 2635 379 2713 Θετταλίας
346 2661 441 2714 τοπος.
447 2642 547 2742 ἴσμεν
556 2639 615 2704 δὲ’
599 2667 642 2706 οτι
653 2645 744 2745 χωρία
753 2637 848 2707 πολλὰ
851 2638 934 2748 εἶχεν
943 2640 1035 2727 ηὶλῦ-

80 2726 158 2803 βοια.
190 2722 329 2785 ἔστιδὲέ
329 2749 347 2785 ν
363 2747 398 2826 τη
385 2716 525 2811 Ενβοια
536 2730 646 2836 νωριον
653 2722 769 2810 Ωρεος
791 2751 843 2790 τον
822 2723 965 2832 Ὠρεοῦ
975 2722 1037 2791 δλδ

80 2806 198 2906 πολίτης
207 2798 343 2886 Ὠρείτης,
371 2800 500 2908 Ὠρείτης
513 2833 568 2876 ονν
577 2836 621 2885 τις
631 2807 837 2914 Χριρίδημος“
812 2836 855 2873 οον
865 2800 1016 2894 ξενανδς
994 2836 1036 2893 ην

80 2893 139 2949 τῶν
150 2881 326 2967 Ἀθηναίων.
362 2884 481 2974 ξενανὸς
499 2896 532 2958 δέ
528 2893 672 2998 ἕστιν,”
656 2918 702 2960 οτε
712 2919 755 2969 τις
754 2890 930 3040 στρατονμα
941 2896 1034 2972 ξένων

78 2966 153 3078 νπὲρ
164 2994 242 3044 τινος
253 2968 342 3036 ἄλλον
352 2976 458 3081 τρίψει.
490 2974 540 3042 δια
549 2985 634 3042 τοῦτο
646 3004 700 3042 οον
711 2980 762 3040 καὶ
773 3002 856 3053 ουτος
867 2978 977 3061 ἐλέγετο
987 2981 1032 3055 ξε-

76 3053 183 3158 νανὸς,
201 3053 309 3164 ἐπειδη
312 3059 474 3164 στρατεομα
484 3064 602 3137 ξίνων”
585 3087 704 3145 ετρεφεν
713 3057 787 3146 νπὲρ
799 3065 1014 3167 σομμαχίας”
971 3085 1033 3125 τοιν

76 3132 309 3245 Ἀψηναίων.
285 3170 327 3246 ην
338 3167 392 3206 ονν
402 3149 461 3208 τῶν
469 3147 525 3229 μὲν
532 3139 727 3228 Ἀθηναίωνξ
728 3142 845 3249 ενανὸς,
856 3140 988 3249 γαμβρὸς
999 3143 1033 3208 δὲ

78 3219 190 3297 Κόττος
200 3230 253 3288 τοῦ
263 3234 322 3290 τῶν
333 3231 460 3331 Θρηικων
469 3229 627 3332 βασιλέως
621 3230 672 3291 καὶ
659 3226 848 3376 στρατηγός.
866 3225 925 3294 ὅδὲ
934 3225 1031 3303 Κότυς

77 3308 224 3411 παρέλαβέ
237 3332 306 3373 ποτε
323 3306 378 3393 τὴν
389 3309 576 3416 Χερρόνησον
595 3336 651 3393 την
659 3306 787 3414 Ἀδηναί
785 3340 827 3378 ων
844 3304 945 3377 οοοαν.
978 3312 1032 3376 καί

77 3389 244 3472 τιλεντηοας
255 3392 459 3457 κατίλιπενί
416 3421 435 3457 ν
437 3397 484 3459 ίον
494 3391 754 3479 Κερσοβλέπτην,“
737 3422 769 3472 ος
779 3393 854 3480 μετά
863 3422 954 3461 τινων
964 3391 1030 3475 διιο,
