2370 3854
332 242 474 303 ΚΑΤΑ
503 242 749 305 ΜΕΙΔΙΟῬ.
978 244 1038 310 61’

111 401 232 487 νόμενος
241 401 300 472 ἀπο
289 363 535 506 Δημοσθένους,
553 405 627 485 ἔχων
640 398 707 486 μεθ’
723 407 828 509 ἕαντρῦ
841 408 893 471 καί
903 404 1018 490 ἀλλους,

111 491 191 594 ἐπεηε
177 491 272 572 είρησε
286 480 517 592 διαφθείρειν
488 510 541 550 τον
555 487 701 590 στέφανον
715 484 808 553 καί
779 515 812 554 το
827 488 953 575 ἱμάτιον,
969 492 1020 556 καί

109 563 602 736 ἷίίῖίῖἷιῖἷίάίάίίίῖἀίῖάδ
617 572 716 652 ‘m‘
729 568 870 657 ’W‘
886 573 1020 659 &man

23 823 59 876 23
151 803 311 873 Πολλά
276 831 337 890 μευ
347 807 478 888 τοίνυν,
502 827 527 868 ω
515 793 674 887 ἀνδρες’
672 811 853 890 Αθηναῖοι,
877 809 1020 891 καὶπερὶ

69 895 117 971 τόν
126 901 205 983 τοὺς
215 903 336 983 ἀλλους
347 899 504 988 ἠδίκηκεν
514 906 577 986 ἔχω
594 905 719 988 λέγειν,
745 901 855 989 όίσπερ
872 902 965 972 εἷπον
982 908 1019 973 ἐν

67 1000 150 1090 ἀρχῇ
160 1009 223 1069 τοῦ
234 1003 355 1087 λόγου,
377 1003 432 1068 καὶ
444 1006 619 1085 συυείλοχα
628 997 742 1088 ὕβρεις
753 999 859 1071 αὐτοῦ
874 1005 930 1072 καί
947 1001 1018 1073 ἀτι-

67 1107 142 1187 μίας
154 1100 317 1179 τοσαύτας
327 1097 407 1177 ὅσας
419 1095 608 1166 ἀκούσεσθε
619 1096 736 1166 αὐτίκα
748 1097 788 1187 δὴ
802 1100 900 1186 μάλα.
927 1093 972 1189 ἦν
983 1099 1015 1170 δ’

22 1197 86 1286 λῖὴ
106 1199 250 1289 συλλογὴ
270 1203 382 1289 ῥᾳδία·
406 1195 501 1266 αὐτοὶ
518 1196 582 1282 γάρ
601 1201 635 1264 οί
657 1202 866 1280 πεπονθότες
890 1208 1018 1289 προσῇ-

67 1296 206 1386 σάνμοι.
239 1299 404 1387 βούλομαι
414 1297 449 1365 δὲ
460 1293 525 1379 πρό
537 1295 668 1362 τούτων
678 1302 783 1365 είπεῖν
794 1293 843 1376 οἷς
853 1299 1019 1385 ἐπιχειρή-

66 1419 138 1466 σειν
160 1396 265 1466 αὐτόν
286 1395 413 1483 ἀκήκοα
435 1397 600 1473 ἐξαπατᾶν
621 1391 721 1478 ὑμᾶς·
745 1391 823 1472 τούς
844 1393 909 1480 γάρ
931 1393 1017 1481 ὑπὲρ

64 1496 195 1564 τούτων
220 1496 340 1581 λόγους
366 1495 438 1581 ἐμοὶ
459 1490 520 1579 μὲν
541 1489 821 1576 ἀναγκαιοτάτους
846 1509 1017 1576 προειπεῖν

63 1593 226 1681 ἡγοῦμαι,
239 1591 320 1679 ὑμῖν
330 1596 366 1660 δὲ
375 1590 643 1679 χρησιμωτάτους
654 1587 804 1659 οἰκοῦσαι.
839 1591 893 1659 διά
904 1597 938 1658 τί
942 1620 951 1673 3
965 1590 1017 1659 ότι

64 1699 126 1760 τοῦ
137 1695 268 1759 δικαίαν
279 1691 333 1759 καί
344 1688 487 1778 εόορκον
497 1692 623 1757 θέσθαι
633 1684 696 1776 τὴν
706 1697 822 1777 ψῆφον
835 1687 852 1758 ὁ
864 1690 1017 1769 κωλύσας

64 1793 310 1877 ἐξαπατηθῆναι
320 1789 419 1874 λόγος
428 1787 514 1876 ὑμάς
525 1779 623 1867 οὗτος
634 1796 737 1867 αίτιος
747 1793 845 1855 ἔσται.
875 1788 962 1856 πολι)
974 1786 1014 1874 δη

64 1888 204 1974 μάλιστα
221 1889 357 1956 πάντων
375 1886 482 1978 τούτω
500 1887 654 1978 τῷλόγῳ
673 1889 847 1974 προσέχειν
857 1884 944 1973 ὑμᾶς
956 1894 1015 1975 δεῖ,

34 2032 37 2039 ·
66 1989 120 2054 καί
136 1996 363 2074 μνημονεῦσαι
380 1994 516 2074 τοῦτον,
538 1990 592 2054 καί
604 1982 688 2071 πρὸς
699 1988 840 2055 ἕκαστον
851 1985 1014 2074 ἀπαντᾶν,

23 2107 56 2161 25
67 2084 148 2154 ὅταν
167 2077 263 2164 οὗτος
279 2087 366 2174 λε’γη.
402 2090 469 2152 ἐστι
480 2087 515 2154 δὲ
527 2091 660 2171 πρῶτον
671 2083 732 2171 μὲν
742 2087 847 2153 ἐκεῖνο
859 2082 921 2153 οὐκ
932 2083 1016 2173 ἀδη-

66 2193 123 2263 λος
135 2187 222 2270 ἐρεῖν
238 2186 270 2264 ἐξ
289 2176 336 2251 άν
354 2188 420 2272 ίδίηι
436 2183 519 2269 πρός
535 2210 627 2261 τινας
644 2181 744 2262 αὐτός
761 2182 891 2264 διεξιών
908 2184 1016 2271 ἀπηγ-

65 2283 197 2370 γέλλετό
217 2309 289 2369 μοι,
313 2279 357 2360 ὦς
379 2292 470 2363 είπερ
492 2280 628 2367 ἀληθῶς
648 2281 847 2350 ἐπεπόνθειν
867 2290 971 2349 ταῦτα
993 2279 1015 2347 ἀ

66 2387 167 2466 λέγω,
186 2384 278 2456 δίκας
289 2384 372 2458 ἰδίας
383 2404 439 2465 μοι
449 2386 616 2464 προσῆκεν
628 2376 720 2466 αὐτῷ
728 2387 857 2465 λαχεῖν,
874 2387 942 2446 τῶν
954 2379 1015 2464 μὲν

66 2485 204 2566 ίματίων
215 2479 269 2545 καί
279 2485 348 2545 τείν
356 2483 491 2564 χρυσῶν
502 2478 679 2564 στεφάνων
690 2486 748 2565 τῆς
758 2483 947 2566 διαφθοράς
959 2482 1015 2548 καί

65 2586 123 2663 της
134 2577 208 2662 περί
218 2575 278 2643 τὸν
288 2573 389 2662 χορόν
401 2574 505 2662 πάσης
516 2578 684 2662 ἐπηρείας,
703 2574 843 2664 βλάβης,
863 2568 911 2646 (δν
923 2574 955 2645 δ’
969 2582 1016 2657 είς

64 2674 101 2745 τὸ
113 2683 207 2763 σῶμα
218 2672 378 2763 ὑβρίσθαι
389 2678 483 2763 φημί,
495 2673 633 2762 ὕβρεως,
647 2673 688 2743 οά
699 2672 744 2762 μά
757 2673 814 2744 Δί’
828 2673 900 2761 οὐχί
912 2680 1016 2763 δημο-
1025 2691 1076 2744 523

64 2783 120 2864 σίηι
137 2782 264 2859 κρίνειν
280 2772 384 2843 αὐτόν
401 2776 456 2843 καί
465 2781 587 2862 τίμημα
601 2773 736 2862 ἐπάγειν
747 2774 766 2842 ό
777 2801 808 2842 τι
817 2771 879 2860 χρὴ
891 2784 1015 2844 παθεῖν

19 2885 54 2938 26
64 2869 86 2962 η’
97 2873 259 2942 ἀποτῖσαι.
293 2871 355 2960 ε’γώ
368 2874 404 2943 δὲ
415 2877 452 2942 ἓν
463 2873 524 2961 μὲν
535 2877 640 2943 ἐκεῖνο
653 2868 691 2943 εὖ
703 2872 792 2957 οίδα,
815 2875 869 2941 καί
881 2873 968 2960 ὑμᾶς
979 2877 1015 2942 δέ

64 2975 186 3042 εἰδέναι
196 2970 268 3061 χρὴ,
280 2970 331 3040 ότι
342 2979 372 3041 εἰ
382 2970 425 3060 μὴ
438 2970 678 3060 προύβαλόμην
688 2969 803 3058 αὐτόν,
816 2968 889 3040 ἀλλ’
903 2974 1014 3039 ἐδικα-

64 3071 183 3158 ζόμην,
207 3068 381 3152 οὑναντίος
398 3064 480 3159 ἧκεν
491 3067 535 3139 ἀν
546 3070 652 3151 εὐθύς
662 3099 718 3159 μοι
728 3072 844 3157 λόγος,
869 3067 912 3146 ὡς
924 3079 1014 3154 εῖπερ

63 3163 106 3256 ἦν
122 3196 154 3236 τι
170 3168 299 3237 τούτων
314 3168 452 3257 ἀληθὲς,
474 3174 704 3257 προβαλέσθαι
718 3168 754 3257 μ’
773 3174 838 3237 ἐδει
855 3170 910 3237 καί
933 3166 1013 3255 παρ’
1031 3235 1036 3245 ,

64 3266 148 3337 αὐτά
170 3266 371 3355 τάδικήματα
391 3267 454 3355 τὴν
475 3277 637 3355 τιμωρίαν
658 3278 841 3337 ποιεῖσθαι·
861 3265 932 3337 ὅτε
948 3263 1014 3355 γάρ

64 3368 161 3454 χορὸς
184 3360 228 3454 ἦν
248 3376 306 3455 τῆς
326 3367 468 3455 πόλεως,
492 3367 515 3456 ἥ
535 3393 571 3435 τε
592 3365 695 3454 ἐσθὴς
710 3372 769 3452 τῆς
786 3366 901 3453 ἑορτῆς
916 3365 1014 3434 ἕνεκα

64 3473 153 3533 πάσα
165 3465 429 3553 παρεσκεύαστο,
452 3465 518 3553 ἐγό
536 3492 570 3535 τε
582 3463 600 3535 ὁ
613 3461 791 3543 πεπονθός
800 3470 905 3532 ταῦτα
914 3490 1013 3551 χορη-
