2370 3854
132 205 173 265 96
340 202 411 266 xxl.
451 199 868 262 ΔΗΜΟΣΘΕΝΟΤΣ

135 369 175 450 δη
187 370 236 443 τίς
247 358 296 430 ἀν
304 362 357 430 καὶ
369 367 433 428 τίσι
443 359 532 428 ταῦτ’
541 360 800 446 ἐνδεικνύμενος.
813 360 857 447 μὴ
865 369 980 431 τοίνυν
991 361 1084 452 ύμῖν,

135 460 219 548 πρός
229 469 277 550 τῷ
286 459 331 548 μὴ
343 457 463 542 καλὸν,
476 456 708 544 μηδέθεμιτὸν
719 464 865 545 νομίζετε
870 510 886 545 ,Α
902 459 1019 547 ἀνδρες
1032 466 1085 531 δι-

135 563 262 646 κασταί,
274 556 351 647 μηδ’
366 557 461 626 ὅσιον
473 556 557 625 εἶναι
566 558 730 625 τοιούτων
741 555 877 642 ἀνδρῶν
888 551 987 627 ούσιν
997 557 1086 630 ἀπο-

134 660 255 746 γόνοις,
264 655 414 744 πονηρόν
424 657 479 724 καί
488 662 599 742 βίαιον
609 657 663 723 καί
675 651 837 742 ῦβριστήν
847 663 1011 743 λαβοῦσιν
1022 657 1086 727 ἀν-

135 769 278 842 θρωπον
289 760 343 825 καὶ
355 758 481 843 μηδένα
491 752 704 840 μηδαμόθεν,
722 749 951 841 συγγνώμηςῆ
963 767 1086 842 φιλαν-

135 864 287 944 θρωπίας
303 851 325 941 ἦ
342 852 475 939 χάριτός
492 877 581 931 τινος
597 849 743 932 ἀξιῶσαι.
781 858 870 932 τίνος
886 851 950 939 γὰρ
967 853 1083 937 ἕνεκας

133 964 202 1023 τῶν
226 960 446 1041 στρατηγιῶν·
476 949 544 1018 ἀλλ’
564 948 642 1018 οῦδὲ
662 948 738 1018 καθ’
758 948 864 1020 αῦτόν
886 949 1085 1040 στρατιώτης

135 1047 233 1130 οῦτος
244 1050 385 1129 ούδενός
398 1047 465 1118 ἐστ’
478 1049 577 1135 ἀξιος,
595 1050 640 1136 μη’
651 1056 686 1116 τί
693 1075 730 1134 γε
740 1057 809 1118 των
820 1047 931 1144 ἀλλων
940 1048 1084 1137 ἡγεμών.

135 1152 218 1220 ἀλλά
230 1159 297 1219 τῶν
307 1149 432 1235 λόγων·
456 1152 492 1216 ἐν
503 1144 551 1228 οἷς
561 1154 658 1236 κοινῇ
669 1151 730 1234 μὲν
741 1145 842 1217 οῦδὲν
852 1148 979 1216 πώποτ’
993 1149 1086 1219 εἶπεν

136 1249 278 1337 ἀγαθὸν,
289 1258 399 1329 κακῶς
412 1247 446 1317 δὲ
463 1253 530 1336 ίδίρι
548 1247 673 1325 πάντας
684 1245 888 1331 ἀνθρώπους
898 1243 995 1333 λέγει.
1027 1252 1087 1333 γέ-

76 1371 126 1427 149
135 1374 216 1428 νους
229 1351 327 1416 ἕνεκα
338 1348 378 1434 νὴ
391 1356 475 1415 Δία·
498 1347 553 1414 καί
563 1352 612 1425 τίς
624 1344 686 1413 οῦκ
700 1345 791 1414 οίδεν
801 1343 900 1432 ύμοῦν
909 1344 967 1425 τάς
978 1343 1086 1432 ἀπορ·
1096 1362 1139 1418 ὁδί

136 1447 273 1533 (ιη’τους,
287 1444 397 1530 ὥσπερ
409 1447 445 1512 ἐν
456 1448 632 1533 τραγῳδίᾳ,
644 1443 701 1524 τάς
712 1445 834 1513 τούτου
845 1446 962 1531 γονάς;
984 1438 1012 1535 ᾧ
1022 1445 1086 1515 δύο

136 1544 355 1611 ἐναντιώτατα
368 1545 575 1629 συμβέβηκεν
587 1542 685 1609 εἶναι·
707 1541 802 1630 ἡμὲν
818 1544 883 1631 γάρ
896 1543 940 1624 ὥς
951 1544 1087 1631 ἀληθοῦς

136 1641 260 1727 μήτηρ,
282 1636 592 1725 ἡτεκοῦσααύτόν,
615 1639 1087 1726 πλεῖστονάπάυτωνάνθρύ·

136 1762 209 1805 πων
226 1735 289 1821 εἶχε
302 1743 398 1820 νοῦν,
416 1734 436 1822 ἡ
450 1737 485 1803 δὲ
498 1740 644 1805 δοκοῦσα
655 1741 711 1805 καί
721 1736 954 1828 ὑποβαλομένη
967 1749 1086 1810 πασῶν

135 1830 179 1922 ἦν
190 1835 391 1920 ἀνοητοτάτη
403 1844 582 1920 γυναικοῖν.
606 1850 742 1922 σημεῖον
754 1841 804 1905 δέ·
826 1836 920 1925 ἡμὲν
928 1840 993 1926 γάρ
1004 1838 1088 1908 ἀπέ-

137 1941 213 2001 δοτο
226 1931 331 2012 εύθύς
341 1931 561 2019 γενόμενον,ἡ
574 1931 605 2000 δ’
615 1932 691 2012 ἐξὸν
700 1933 786 2022 αὐτῇ
796 1942 912 2022 βελτίω
924 1945 1088 2022 πρίασθαι

77 2051 128 2103 150
136 2032 257 2117 ταύτης
273 2039 331 2116 τῆς
347 2038 442 2116 τιμῆς
463 2039 584 2099 τοῦτον
604 2029 778 2118 ἠγόρασεν.
811 2036 866 2101 καὶ
885 2036 950 2120 γάρ
967 2061 1018 2104 τοι
1030 2035 1085 2104 διά

137 2138 235 2198 τοῦτο
253 2139 321 2197 των
338 2127 380 2197 ού
398 2130 636 2215 προσηκόντων
652 2127 792 2214 ἀγαθοῖν
803 2131 918 2216 κύριος
928 2133 1085 2221 γεγονώς,

136 2231 191 2298 καὶ
208 2233 363 2315 πατρίδος
376 2229 534 2314 τετευχώς
548 2225 569 2314 ἢ
584 2228 698 2314 νόμοις
714 2236 783 2296 τῶν
800 2226 939 2296 ἀπασῶν
955 2232 1088 2302 πόλεων

136 2325 269 2416 μάλιστ’
282 2334 448 2397 οἰκεῖσθαι
459 2332 563 2411 δοκεῖ,
587 2325 710 2396 οὐδένα
727 2325 817 2414 οἶμαι
832 2328 958 2412 τρόπον
969 2329 1088 2416 φέρειν

138 2425 216 2494 οῦδὲ
238 2435 383 2511 χρῆσθαι
399 2426 530 2503 τούτοις
552 2427 707 2510 δύναται,
730 2425 813 2494 ἀλλά
829 2424 866 2495 τό
884 2434 941 2514 τῆς
952 2427 1087 2513 φύσεως

137 2523 308 2608 βάρβαρον
320 2521 454 2608 ἀληθῶς
465 2524 520 2589 καὶ
532 2531 623 2601 θεοῖς
633 2521 756 2608 ἐχθρόν
768 2525 856 2592 ἕλκει
866 2527 920 2592 καί
930 2526 1085 2612 βιάζεται,

137 2624 192 2688 καὶ
210 2618 359 2706 φανερόν
377 2635 466 2686 ποιεί
482 2633 550 2699 τοϊς
570 2628 734 2703 παροῦσιν
761 2621 871 2707 ὥσπερ
893 2623 1085 2712 ἀλλοτρίοις,

138 2719 220 2802 ὅπερ
233 2725 333 2805 ἔστιν,
346 2716 450 2785 αὐτόν
459 2717 639 2804 χρεόμενον.

80 2829 126 2880 151
225 2816 403 2883 Τοσούτων
414 2822 530 2884 τοίνυν
547 2820 601 2885 καὶ
617 2819 779 2887 τοιούτων
791 2819 899 2886 ὄντων
909 2828 956 2908 τῷ
965 2826 1086 2907 βδελυ-

140 2921 188 3004 ρςῦ
200 2913 308 3001 τούτῳ
319 2915 374 2981 καὶ
385 2911 518 2983 ἀναιδεῖ
526 2908 575 2983 οἷν
584 2925 750 3006 βεβίωται,
769 2924 853 2986 ένιοί
861 2944 917 3003 μοι
927 2921 1087 3007 προσιόν-

36 3072 39 3077 .
139 3038 201 3095 τες,
214 3003 242 3078 ἀ
252 3009 372 3098 ἀνδρες
384 3016 550 3102 δικασταί,
572 3024 640 3084 τῶν
648 3021 828 3103 χρωμένων
838 3016 944 3108 αύτῷ,
966 3043 1086 3103 παραι-

138 3120 274 3190 νοῦντες
286 3109 516 3200 ἀπαλλαγῆναι
526 3118 582 3182 καὶ
592 3125 796 3201 καθυφεῖναι
806 3114 866 3184 τόν
883 3114 996 3202 ἀγῶνα
1006 3142 1086 3184 του-

138 3211 220 3293 τουὶ,
238 3211 350 3298 ἐπειδή
360 3239 400 3298 με
411 3211 455 3299 μὴ
467 3219 632 3298 πείθοιεν,
651 3211 695 3291 ὡς
706 3212 767 3298 μὲν
779 3211 820 3280 ού
833 3214 938 3284 πολλά
951 3217 1006 3283 καί
1018 3219 1087 3282 δει-

138 3305 181 3374 νά
192 3316 370 3395 πεποίηκεν
380 3304 539 3390 οῦτοςκαὶ
549 3315 644 3396 δίκην
654 3308 813 3397 ἡντινοῦν
822 3308 865 3380 ἀν
874 3317 945 3400 δοίη
953 3317 1086 3393 δικαίως

137 3413 206 3472 τῶν
217 3413 473 3495 πεπραγμένων,
492 3407 553 3478 οῦκ
565 3409 711 3495 ἐτόλμων
721 3414 847 3499 λέγειν,
871 3412 923 3480 ἐπὶ
934 3418 1037 3478 ταῦτα
1049 3408 1082 3477 δ’
