<?xml version="1.0" encoding="UTF-8"?>
<!DOCTYPE html PUBLIC "-//W3C//DTD XHTML 1.0 Transitional//EN"
    "http://www.w3.org/TR/xhtml1/DTD/xhtml1-transitional.dtd">
<html xmlns="http://www.w3.org/1999/xhtml" xml:lang="en" lang="en">
 <head>
  <title>
</title>
<meta http-equiv="Content-Type" content="text/html;charset=utf-8" />
  <meta name='ocr-system' content='tesseract 3.04.00' />
  <meta name='ocr-capabilities' content='ocr_page ocr_carea ocr_par ocr_line ocrx_word'/>
</head>
<body>
  <div class='ocr_page' id='page_1' title='image "./orationesexrece01demogoog_0269.png"; bbox 0 0 2370 3854; ppageno 0'>
   <div class='ocr_carea' id='block_1_1' title="bbox 186 185 938 255">
    <p class='ocr_par' dir='ltr' id='par_1_1' title="bbox 186 185 938 255">
     <span class='ocr_line' id='line_1_1' title="bbox 186 185 938 255; baseline -0.013 0"><span class='ocrx_word' id='word_1_1' title='bbox 186 191 249 255; x_wconf 76' lang='lat'><strong><em>258</em></strong></span> <span class='ocrx_word' id='word_1_2' title='bbox 369 193 486 251; x_wconf 75' lang='lat' dir='ltr'><strong><em>¹XXIV.</em></strong></span> <span class='ocrx_word' id='word_1_3' title='bbox 521 185 938 248; x_wconf 77' lang='grc' dir='ltr'><em>ΔΗΜΟΣΘΕΝΟΥΣ</em></span> 
     </span>
    </p>
   </div>
   <div class='ocr_carea' id='block_1_2' title="bbox 129 341 1143 634">
    <p class='ocr_par' dir='ltr' id='par_1_2' title="bbox 129 341 1143 634">
     <span class='ocr_line' id='line_1_2' title="bbox 185 341 1141 438; baseline -0.007 -19"><span class='ocrx_word' id='word_1_4' title='bbox 185 346 335 438; x_wconf 82' lang='grc' dir='ltr'><strong><em>ήγοῖτο,ὁ</em></strong></span> <span class='ocrx_word' id='word_1_5' title='bbox 347 350 383 418; x_wconf 74' lang='grc' dir='ltr'><strong><em>δὲ</em></strong></span> <span class='ocrx_word' id='word_1_6' title='bbox 393 348 523 417; x_wconf 80' lang='grc' dir='ltr'><strong><em>τούτων</em></strong></span> <span class='ocrx_word' id='word_1_7' title='bbox 533 341 1041 430; x_wconf 74' lang='grc' dir='ltr'><strong><em>αῖτιοςἉνδροτίωνείη,ὂυοάδ’</em></strong></span> <span class='ocrx_word' id='word_1_8' title='bbox 1055 341 1141 430; x_wconf 73' lang='grc' dir='ltr'><strong><em>ὑπὲρ</em></strong></span> 
     </span>
     <span class='ocr_line' id='line_1_3' title="bbox 188 441 1141 535; baseline -0.009 -18"><span class='ocrx_word' id='word_1_9' title='bbox 188 447 292 517; x_wconf 80' lang='grc' dir='ltr'><strong><em>αὑτοῦ</em></strong></span> <span class='ocrx_word' id='word_1_10' title='bbox 305 453 400 534; x_wconf 87' lang='grc' dir='ltr'><strong><em>δίκην</em></strong></span> <span class='ocrx_word' id='word_1_11' title='bbox 411 450 449 535; x_wconf 77' lang='grc' dir='ltr'><strong><em>ἐᾷ</em></strong></span> <span class='ocrx_word' id='word_1_12' title='bbox 464 453 579 532; x_wconf 89' lang='grc' dir='ltr'><strong><em>λαβεῖν</em></strong></span> <span class='ocrx_word' id='word_1_13' title='bbox 595 441 636 510; x_wconf 85' lang='grc' dir='ltr'><strong><em>τά</em></strong></span> <span class='ocrx_word' id='word_1_14' title='bbox 654 446 866 529; x_wconf 78' lang='grc' dir='ltr'><strong><em>πεπραγμένα</em></strong></span> <span class='ocrx_word' id='word_1_15' title='bbox 878 443 933 510; x_wconf 81' lang='grc' dir='ltr'><strong><em>καί</em></strong></span> <span class='ocrx_word' id='word_1_16' title='bbox 944 444 1141 529; x_wconf 78' lang='grc' dir='ltr'><strong><em>βεβιωμένα,</em></strong></span> 
     </span>
     <span class='ocr_line' id='line_1_4' title="bbox 129 538 1143 634; baseline 0.002 -27"><span class='ocrx_word' id='word_1_17' title='bbox 129 554 177 608; x_wconf 86' lang='lat'><strong><em>166</em></strong></span> <span class='ocrx_word' id='word_1_18' title='bbox 188 547 232 634; x_wconf 90' lang='grc' dir='ltr'><strong><em>μή</em></strong></span> <span class='ocrx_word' id='word_1_19' title='bbox 243 554 277 614; x_wconf 88' lang='grc' dir='ltr'><strong><em>τί</em></strong></span> <span class='ocrx_word' id='word_1_20' title='bbox 285 544 316 633; x_wconf 79' lang='grc' dir='ltr'><strong><em>μ’</em></strong></span> <span class='ocrx_word' id='word_1_21' title='bbox 332 543 415 628; x_wconf 75' lang='grc' dir='ltr'><strong><em>ὑπὲρ</em></strong></span> <span class='ocrx_word' id='word_1_22' title='bbox 425 551 483 629; x_wconf 83' lang='grc' dir='ltr'><strong><em>τῆς</em></strong></span> <span class='ocrx_word' id='word_1_23' title='bbox 495 540 621 620; x_wconf 88' lang='grc' dir='ltr'><strong><em>πόλεως</em></strong></span> <span class='ocrx_word' id='word_1_24' title='bbox 632 539 839 625; x_wconf 75' lang='grc' dir='ltr'><strong><em>εἰσπράττειν</em></strong></span> <span class='ocrx_word' id='word_1_25' title='bbox 850 538 1023 626; x_wconf 87' lang='grc' dir='ltr'><strong><em>είσφοράς;</em></strong></span> <span class='ocrx_word' id='word_1_26' title='bbox 1034 545 1143 609; x_wconf 90' lang='grc' dir='ltr'><strong><em>καίτοι</em></strong></span> 
     </span>
    </p>
   </div>
   <div class='ocr_carea' id='block_1_3' title="bbox 126 632 1167 3472">
    <p class='ocr_par' dir='ltr' id='par_1_3' title="bbox 126 632 1167 3472">
     <span class='ocr_line' id='line_1_5' title="bbox 188 632 1167 730; baseline -0.004 -18"><span class='ocrx_word' id='word_1_27' title='bbox 188 653 219 713; x_wconf 86' lang='grc' dir='ltr'><strong><em>εί</em></strong></span> <span class='ocrx_word' id='word_1_28' title='bbox 228 671 276 724; x_wconf 91' lang='grc' dir='ltr'><strong><em>τις</em></strong></span> <span class='ocrx_word' id='word_1_29' title='bbox 287 641 388 730; x_wconf 80' lang='grc' dir='ltr'><strong><em>ἔροιτ’</em></strong></span> <span class='ocrx_word' id='word_1_30' title='bbox 402 639 507 708; x_wconf 79' lang='grc' dir='ltr'><strong><em>αὐτὸν</em></strong></span> <span class='ocrx_word' id='word_1_31' title='bbox 517 636 539 725; x_wconf 85' lang='grc' dir='ltr'><strong><em>ή</em></strong></span> <span class='ocrx_word' id='word_1_32' title='bbox 551 639 603 723; x_wconf 72' lang='grc' dir='ltr'><strong><em>σὲ,</em></strong></span> <span class='ocrx_word' id='word_1_33' title='bbox 626 632 653 706; x_wconf 79' lang='grc' dir='ltr'><strong><em>ά</em></strong></span> <span class='ocrx_word' id='word_1_34' title='bbox 669 637 884 724; x_wconf 79' lang='grc' dir='ltr'><strong><em>Τιμόκρατες,</em></strong></span> <span class='ocrx_word' id='word_1_35' title='bbox 896 637 956 705; x_wconf 84' lang='grc' dir='ltr'><strong><em>τὸν</em></strong></span> <span class='ocrx_word' id='word_1_36' title='bbox 966 641 1167 725; x_wconf 79' lang='grc' dir='ltr'><strong><em>έπαινέτηνῖ</em></strong></span> 
     </span>
     <span class='ocr_line' id='line_1_6' title="bbox 186 735 1143 823; baseline -0.005 -13"><span class='ocrx_word' id='word_1_37' title='bbox 186 742 315 810; x_wconf 83' lang='grc' dir='ltr'><strong><em>τούτων</em></strong></span> <span class='ocrx_word' id='word_1_38' title='bbox 332 741 387 808; x_wconf 81' lang='grc' dir='ltr'><strong><em>καὶ</em></strong></span> <span class='ocrx_word' id='word_1_39' title='bbox 405 737 585 823; x_wconf 81' lang='grc' dir='ltr'><strong><em>συνεργὸν,</em></strong></span> <span class='ocrx_word' id='word_1_40' title='bbox 608 735 666 813; x_wconf 83' lang='grc' dir='ltr'><strong><em>τάς</em></strong></span> <span class='ocrx_word' id='word_1_41' title='bbox 682 736 840 820; x_wconf 78' lang='grc' dir='ltr'><strong><em>εἰσφορὰς</em></strong></span> <span class='ocrx_word' id='word_1_42' title='bbox 856 737 999 820; x_wconf 88' lang='grc' dir='ltr'><strong><em>πότερον</em></strong></span> <span class='ocrx_word' id='word_1_43' title='bbox 1008 735 1049 803; x_wconf 86' lang='grc' dir='ltr'><strong><em>τά</em></strong></span> <span class='ocrx_word' id='word_1_44' title='bbox 1060 737 1143 823; x_wconf 89' lang='grc' dir='ltr'><strong><em>κτή-</em></strong></span> 
     </span>
     <span class='ocr_line' id='line_1_7' title="bbox 187 830 1141 926; baseline -0.006 -19"><span class='ocrx_word' id='word_1_45' title='bbox 187 867 272 926; x_wconf 88' lang='grc' dir='ltr'><strong><em>ματα</em></strong></span> <span class='ocrx_word' id='word_1_46' title='bbox 290 835 313 925; x_wconf 87' lang='grc' dir='ltr'><strong><em>ή</em></strong></span> <span class='ocrx_word' id='word_1_47' title='bbox 331 835 523 921; x_wconf 77' lang='grc' dir='ltr'><strong><em>τὰσώματα</em></strong></span> <span class='ocrx_word' id='word_1_48' title='bbox 541 831 682 919; x_wconf 79' lang='grc' dir='ltr'><strong><em>ὀφείλει,</em></strong></span> <span class='ocrx_word' id='word_1_49' title='bbox 704 832 744 900; x_wconf 85' lang='grc' dir='ltr'><strong><em>τά</em></strong></span> <span class='ocrx_word' id='word_1_50' title='bbox 761 834 910 919; x_wconf 89' lang='grc' dir='ltr'><strong><em>κτήματα</em></strong></span> <span class='ocrx_word' id='word_1_51' title='bbox 928 831 1064 920; x_wconf 88' lang='grc' dir='ltr'><strong><em>φήσαιτ’</em></strong></span> <span class='ocrx_word' id='word_1_52' title='bbox 1085 830 1141 921; x_wconf 85' lang='grc' dir='ltr'><strong><em>ἀν,</em></strong></span> 
     </span>
     <span class='ocr_line' id='line_1_8' title="bbox 187 928 1143 1022; baseline -0.006 -17"><span class='ocrx_word' id='word_1_53' title='bbox 187 948 278 1022; x_wconf 84' lang='grc' dir='ltr'><strong><em>εῖπερ</em></strong></span> <span class='ocrx_word' id='word_1_54' title='bbox 290 934 400 1021; x_wconf 79' lang='grc' dir='ltr'><strong><em>ἀληθῆ</em></strong></span> <span class='ocrx_word' id='word_1_55' title='bbox 412 935 521 1017; x_wconf 80' lang='grc' dir='ltr'><strong><em>λέγειν</em></strong></span> <span class='ocrx_word' id='word_1_56' title='bbox 528 931 726 1019; x_wconf 72' lang='grc' dir='ltr'><strong><em>βούλοισθε·</em></strong></span> <span class='ocrx_word' id='word_1_57' title='bbox 742 928 808 999; x_wconf 83' lang='grc' dir='ltr'><strong><em>ἀπὸ</em></strong></span> <span class='ocrx_word' id='word_1_58' title='bbox 817 930 880 1018; x_wconf 75' lang='grc' dir='ltr'><strong><em>γάρ</em></strong></span> <span class='ocrx_word' id='word_1_59' title='bbox 889 929 1018 999; x_wconf 86' lang='grc' dir='ltr'><strong><em>τοάτων</em></strong></span> <span class='ocrx_word' id='word_1_60' title='bbox 1028 934 1143 1018; x_wconf 81' lang='grc' dir='ltr'><strong><em>εἰσφέ-</em></strong></span> 
     </span>
     <span class='ocr_line' id='line_1_9' title="bbox 187 1022 1142 1120; baseline -0.005 -18"><span class='ocrx_word' id='word_1_61' title='bbox 187 1061 297 1120; x_wconf 87' lang='grc' dir='ltr'><strong><em>ρομεν.</em></strong></span> <span class='ocrx_word' id='word_1_62' title='bbox 332 1040 419 1110; x_wconf 89' lang='grc' dir='ltr'><strong><em>τίνος</em></strong></span> <span class='ocrx_word' id='word_1_63' title='bbox 436 1023 499 1097; x_wconf 83' lang='grc' dir='ltr'><strong><em>οὖν</em></strong></span> <span class='ocrx_word' id='word_1_64' title='bbox 516 1026 616 1113; x_wconf 81' lang='grc' dir='ltr'><strong><em>ἕνεκ’,</em></strong></span> <span class='ocrx_word' id='word_1_65' title='bbox 639 1022 666 1095; x_wconf 76' lang='grc' dir='ltr'><em>ὦ</em></span> <span class='ocrx_word' id='word_1_66' title='bbox 683 1027 831 1096; x_wconf 87' lang='grc' dir='ltr'><strong><em>κάκιστοι</em></strong></span> <span class='ocrx_word' id='word_1_67' title='bbox 848 1030 984 1097; x_wconf 90' lang='grc' dir='ltr'><strong><em>πάντων</em></strong></span> <span class='ocrx_word' id='word_1_68' title='bbox 1001 1027 1142 1115; x_wconf 80' lang='grc' dir='ltr'><strong><em>ἀνθρά-</em></strong></span> 
     </span>
     <span class='ocr_line' id='line_1_10' title="bbox 186 1119 1141 1215; baseline -0.002 -17"><span class='ocrx_word' id='word_1_69' title='bbox 186 1157 275 1213; x_wconf 89' lang='grc' dir='ltr'><strong><em>πων,</em></strong></span> <span class='ocrx_word' id='word_1_70' title='bbox 287 1127 426 1215; x_wconf 80' lang='grc' dir='ltr'><strong><em>ἀφέντες</em></strong></span> <span class='ocrx_word' id='word_1_71' title='bbox 435 1127 472 1195; x_wconf 88' lang='grc' dir='ltr'>τό</span> <span class='ocrx_word' id='word_1_72' title='bbox 485 1119 524 1194; x_wconf 91' lang='grc' dir='ltr'><strong><em>τά</em></strong></span> <span class='ocrx_word' id='word_1_73' title='bbox 535 1133 640 1213; x_wconf 88' lang='grc' dir='ltr'><strong><em>χωρία</em></strong></span> <span class='ocrx_word' id='word_1_74' title='bbox 651 1126 807 1214; x_wconf 74' lang='grc' dir='ltr'><strong><em>δημεύειν</em></strong></span> <span class='ocrx_word' id='word_1_75' title='bbox 816 1126 941 1206; x_wconf 80' lang='grc' dir='ltr'><strong><em>καὶτὰς</em></strong></span> <span class='ocrx_word' id='word_1_76' title='bbox 953 1133 1073 1214; x_wconf 78' lang='grc' dir='ltr'><strong><em>οἰκίας,</em></strong></span> <span class='ocrx_word' id='word_1_77' title='bbox 1085 1143 1141 1196; x_wconf 84' lang='grc' dir='ltr'><strong><em>καῖ</em></strong></span> 
     </span>
     <span class='ocr_line' id='line_1_11' title="bbox 186 1222 1142 1314; baseline -0.005 -17"><span class='ocrx_word' id='word_1_78' title='bbox 186 1229 278 1298; x_wconf 83' lang='grc' dir='ltr'><strong><em>ταῦτ’</em></strong></span> <span class='ocrx_word' id='word_1_79' title='bbox 293 1227 511 1313; x_wconf 73' lang='grc' dir='ltr'><strong><em>ἀπογράφειν,</em></strong></span> <span class='ocrx_word' id='word_1_80' title='bbox 524 1229 624 1293; x_wconf 85' lang='grc' dir='ltr'><strong><em>ἐδεῖτε</em></strong></span> <span class='ocrx_word' id='word_1_81' title='bbox 635 1228 691 1293; x_wconf 81' lang='grc' dir='ltr'><strong><em>καλ</em></strong></span> <span class='ocrx_word' id='word_1_82' title='bbox 701 1223 848 1314; x_wconf 80' lang='grc' dir='ltr'><strong><em>ὑβρίζετε</em></strong></span> <span class='ocrx_word' id='word_1_83' title='bbox 859 1233 993 1305; x_wconf 78' lang='grc' dir='ltr'><strong><em>πολίτας</em></strong></span> <span class='ocrx_word' id='word_1_84' title='bbox 1002 1222 1142 1310; x_wconf 75' lang='grc' dir='ltr'><strong><em>ἀνθρά-</em></strong></span> 
     </span>
     <span class='ocr_line' id='line_1_12' title="bbox 188 1321 1143 1413; baseline -0.005 -17"><span class='ocrx_word' id='word_1_85' title='bbox 188 1355 271 1408; x_wconf 90' lang='grc' dir='ltr'><strong><em>πονς</em></strong></span> <span class='ocrx_word' id='word_1_86' title='bbox 280 1331 335 1396; x_wconf 83' lang='grc' dir='ltr'><strong><em>καλ</em></strong></span> <span class='ocrx_word' id='word_1_87' title='bbox 344 1324 423 1405; x_wconf 85' lang='grc' dir='ltr'><strong><em>τούς</em></strong></span> <span class='ocrx_word' id='word_1_88' title='bbox 434 1325 664 1409; x_wconf 75' lang='grc' dir='ltr'><strong><em>ταλαιπώρους</em></strong></span> <span class='ocrx_word' id='word_1_89' title='bbox 676 1331 863 1413; x_wconf 85' lang='grc' dir='ltr'><strong><em>μετοίκους,</em></strong></span> <span class='ocrx_word' id='word_1_90' title='bbox 881 1321 929 1404; x_wconf 74' lang='grc' dir='ltr'><strong><em>οἷς</em></strong></span> <span class='ocrx_word' id='word_1_91' title='bbox 939 1323 1143 1411; x_wconf 75' lang='grc' dir='ltr'><strong><em>ὑβριστικά-</em></strong></span> 
     </span>
     <span class='ocr_line' id='line_1_13' title="bbox 186 1420 1142 1513; baseline -0.005 -19"><span class='ocrx_word' id='word_1_92' title='bbox 186 1452 284 1513; x_wconf 89' lang='grc' dir='ltr'><strong><em>τερον</em></strong></span> <span class='ocrx_word' id='word_1_93' title='bbox 295 1420 422 1512; x_wconf 80' lang='grc' dir='ltr'><strong><em>ὑμεῖςή</em></strong></span> <span class='ocrx_word' id='word_1_94' title='bbox 431 1438 499 1502; x_wconf 87' lang='grc' dir='ltr'><strong><em>τοῖς</em></strong></span> <span class='ocrx_word' id='word_1_95' title='bbox 509 1425 651 1503; x_wconf 86' lang='grc' dir='ltr'><strong><em>οίκέταις</em></strong></span> <span class='ocrx_word' id='word_1_96' title='bbox 661 1436 728 1502; x_wconf 89' lang='grc' dir='ltr'><strong><em>τοῖς</em></strong></span> <span class='ocrx_word' id='word_1_97' title='bbox 739 1422 907 1510; x_wconf 84' lang='grc' dir='ltr'><strong><em>ὑμετέροις</em></strong></span> <span class='ocrx_word' id='word_1_98' title='bbox 918 1420 1031 1490; x_wconf 75' lang='grc' dir='ltr'><strong><em>αὐτῶν</em></strong></span> <span class='ocrx_word' id='word_1_99' title='bbox 1042 1425 1142 1509; x_wconf 69' lang='grc' dir='ltr'><strong><em>ἐχρῆ-</em></strong></span> 
     </span>
     <span class='ocr_line' id='line_1_14' title="bbox 128 1512 1142 1610; baseline -0.001 -21"><span class='ocrx_word' id='word_1_100' title='bbox 128 1535 174 1590; x_wconf 80' lang='lat'><strong><em>167</em></strong></span> <span class='ocrx_word' id='word_1_101' title='bbox 187 1535 266 1606; x_wconf 81' lang='grc' dir='ltr'><strong><em>σθε;</em></strong></span> <span class='ocrx_word' id='word_1_102' title='bbox 278 1525 333 1591; x_wconf 81' lang='grc' dir='ltr'><strong><em>καί</em></strong></span> <span class='ocrx_word' id='word_1_103' title='bbox 342 1520 410 1609; x_wconf 85' lang='grc' dir='ltr'><strong><em>μήν</em></strong></span> <span class='ocrx_word' id='word_1_104' title='bbox 420 1527 450 1589; x_wconf 87' lang='grc' dir='ltr'><strong><em>εί</em></strong></span> <span class='ocrx_word' id='word_1_105' title='bbox 454 1524 598 1590; x_wconf 79' lang='grc' dir='ltr'><strong><em>ἐθέλοιτε</em></strong></span> <span class='ocrx_word' id='word_1_106' title='bbox 606 1524 796 1600; x_wconf 75' lang='grc' dir='ltr'><strong><em>σκέψασθαι</em></strong></span> <span class='ocrx_word' id='word_1_107' title='bbox 807 1524 880 1607; x_wconf 91' lang='grc' dir='ltr'><strong><em>παρ’</em></strong></span> <span class='ocrx_word' id='word_1_108' title='bbox 888 1523 967 1610; x_wconf 82' lang='grc' dir='ltr'><strong><em>ὑμῖν</em></strong></span> <span class='ocrx_word' id='word_1_109' title='bbox 979 1522 1100 1607; x_wconf 79' lang='grc' dir='ltr'><strong><em>αὐτοῖς,</em></strong></span> <span class='ocrx_word' id='word_1_110' title='bbox 1114 1512 1142 1588; x_wconf 77' lang='grc' dir='ltr'><strong><em>ἀ</em></strong></span> 
     </span>
     <span class='ocr_line' id='line_1_15' title="bbox 187 1615 1140 1706; baseline -0.002 -18"><span class='ocrx_word' id='word_1_111' title='bbox 187 1621 306 1705; x_wconf 84' lang='grc' dir='ltr'><strong><em>ἀνδρες</em></strong></span> <span class='ocrx_word' id='word_1_112' title='bbox 317 1622 476 1704; x_wconf 78' lang='grc' dir='ltr'><strong><em>δικασταί,</em></strong></span> <span class='ocrx_word' id='word_1_113' title='bbox 486 1625 519 1685; x_wconf 92' lang='grc' dir='ltr'><strong><em>τί</em></strong></span> <span class='ocrx_word' id='word_1_114' title='bbox 528 1623 652 1687; x_wconf 80' lang='grc' dir='ltr'><strong><em>δοῦλον</em></strong></span> <span class='ocrx_word' id='word_1_115' title='bbox 661 1615 684 1705; x_wconf 87' lang='grc' dir='ltr'><strong><em>ή</em></strong></span> <span class='ocrx_word' id='word_1_116' title='bbox 694 1618 875 1702; x_wconf 85' lang='grc' dir='ltr'><strong><em>έλεάθερον</em></strong></span> <span class='ocrx_word' id='word_1_117' title='bbox 884 1617 967 1687; x_wconf 78' lang='grc' dir='ltr'><strong><em>εῖναι</em></strong></span> <span class='ocrx_word' id='word_1_118' title='bbox 979 1623 1140 1706; x_wconf 81' lang='grc' dir='ltr'><strong><em>διαφέρει,</em></strong></span> 
     </span>
     <span class='ocr_line' id='line_1_16' title="bbox 186 1711 1139 1804; baseline -0.001 -18"><span class='ocrx_word' id='word_1_119' title='bbox 186 1727 284 1789; x_wconf 83' lang='grc' dir='ltr'><strong><em>τοῦτο</em></strong></span> <span class='ocrx_word' id='word_1_120' title='bbox 306 1721 460 1804; x_wconf 80' lang='grc' dir='ltr'><strong><em>μέγιστον</em></strong></span> <span class='ocrx_word' id='word_1_121' title='bbox 481 1711 525 1784; x_wconf 88' lang='grc' dir='ltr'><strong><em>ἀν</em></strong></span> <span class='ocrx_word' id='word_1_122' title='bbox 547 1715 692 1800; x_wconf 72' lang='grc' dir='ltr'><strong><em>εὕροιτε,</em></strong></span> <span class='ocrx_word' id='word_1_123' title='bbox 715 1717 768 1789; x_wconf 84' lang='grc' dir='ltr'><strong><em>ὅτι</em></strong></span> <span class='ocrx_word' id='word_1_124' title='bbox 789 1730 856 1796; x_wconf 88' lang='grc' dir='ltr'><strong><em>τοῖς</em></strong></span> <span class='ocrx_word' id='word_1_125' title='bbox 872 1723 934 1804; x_wconf 78' lang='grc' dir='ltr'><strong><em>μὲν</em></strong></span> <span class='ocrx_word' id='word_1_126' title='bbox 950 1718 1083 1798; x_wconf 86' lang='grc' dir='ltr'><strong><em>δούλοις</em></strong></span> <span class='ocrx_word' id='word_1_127' title='bbox 1100 1717 1139 1786; x_wconf 80' lang='grc' dir='ltr'><strong><em>τὰ</em></strong></span> 
     </span>
     <span class='ocr_line' id='line_1_17' title="bbox 188 1813 1142 1904; baseline -0.003 -16"><span class='ocrx_word' id='word_1_128' title='bbox 188 1826 283 1904; x_wconf 74' lang='grc' dir='ltr'><strong><em>σῶμα</em></strong></span> <span class='ocrx_word' id='word_1_129' title='bbox 293 1825 361 1885; x_wconf 80' lang='grc' dir='ltr'><strong><em>τῶν</em></strong></span> <span class='ocrx_word' id='word_1_130' title='bbox 371 1814 583 1902; x_wconf 76' lang='grc' dir='ltr'><strong><em>ἀδικημάτων</em></strong></span> <span class='ocrx_word' id='word_1_131' title='bbox 594 1813 753 1883; x_wconf 80' lang='grc' dir='ltr'><strong><em>ἁπάντων</em></strong></span> <span class='ocrx_word' id='word_1_132' title='bbox 763 1813 964 1885; x_wconf 75' lang='grc' dir='ltr'><strong><em>ὑπεύθυνόν</em></strong></span> <span class='ocrx_word' id='word_1_133' title='bbox 975 1819 1059 1903; x_wconf 85' lang='grc' dir='ltr'><strong><em>ἐστι,</em></strong></span> <span class='ocrx_word' id='word_1_134' title='bbox 1072 1831 1142 1896; x_wconf 86' lang='grc' dir='ltr'><strong><em>τοῖς</em></strong></span> 
     </span>
     <span class='ocr_line' id='line_1_18' title="bbox 188 1911 1142 2001; baseline 0.001 -18"><span class='ocrx_word' id='word_1_135' title='bbox 188 1914 219 1982; x_wconf 82' lang='grc' dir='ltr'><strong><em>δ’</em></strong></span> <span class='ocrx_word' id='word_1_136' title='bbox 235 1916 424 1998; x_wconf 75' lang='grc' dir='ltr'><strong><em>ἐλευθέροις</em></strong></span> <span class='ocrx_word' id='word_1_137' title='bbox 435 1911 578 1980; x_wconf 81' lang='grc' dir='ltr'><strong><em>ὕστατον</em></strong></span> <span class='ocrx_word' id='word_1_138' title='bbox 589 1922 687 1980; x_wconf 74' lang='grc' dir='ltr'><strong><em>τοῦτο</em></strong></span> <span class='ocrx_word' id='word_1_139' title='bbox 698 1914 859 2001; x_wconf 88' lang='grc' dir='ltr'><strong><em>προσήκει</em></strong></span> <span class='ocrx_word' id='word_1_140' title='bbox 868 1916 1026 1995; x_wconf 77' lang='grc' dir='ltr'><strong><em>κολάζειν.</em></strong></span> <span class='ocrx_word' id='word_1_141' title='bbox 1061 1920 1096 1985; x_wconf 88' lang='grc' dir='ltr'><strong><em>οί</em></strong></span> <span class='ocrx_word' id='word_1_142' title='bbox 1105 1916 1142 1984; x_wconf 73' lang='grc' dir='ltr'><strong><em>δὲ</em></strong></span> 
     </span>
     <span class='ocr_line' id='line_1_19' title="bbox 185 2008 1142 2100; baseline 0 -19"><span class='ocrx_word' id='word_1_143' title='bbox 185 2012 383 2083; x_wconf 84' lang='grc' dir='ltr'><strong><em>τούναντίον</em></strong></span> <span class='ocrx_word' id='word_1_144' title='bbox 393 2016 439 2090; x_wconf 88' lang='grc' dir='ltr'><strong><em>είς</em></strong></span> <span class='ocrx_word' id='word_1_145' title='bbox 449 2009 488 2078; x_wconf 81' lang='grc' dir='ltr'><strong><em>τὰ</em></strong></span> <span class='ocrx_word' id='word_1_146' title='bbox 499 2008 645 2097; x_wconf 76' lang='grc' dir='ltr'><strong><em>σώμαθ’,</em></strong></span> <span class='ocrx_word' id='word_1_147' title='bbox 658 2009 770 2099; x_wconf 69' lang='grc' dir='ltr'><strong><em>ὥσπερ</em></strong></span> <span class='ocrx_word' id='word_1_148' title='bbox 781 2009 1014 2099; x_wconf 87' lang='grc' dir='ltr'><strong><em>ἀνδραπόδοις,</em></strong></span> <span class='ocrx_word' id='word_1_149' title='bbox 1027 2014 1142 2100; x_wconf 80' lang='grc' dir='ltr'><strong><em>ἐποιή-</em></strong></span> 
     </span>
     <span class='ocr_line' id='line_1_20' title="bbox 129 2108 1142 2198; baseline -0.001 -18"><span class='ocrx_word' id='word_1_150' title='bbox 129 2128 176 2182; x_wconf 81' lang='lat'><strong><em>168</em></strong></span> <span class='ocrx_word' id='word_1_151' title='bbox 186 2132 287 2181; x_wconf 90' lang='grc' dir='ltr'><strong><em>σαντο</em></strong></span> <span class='ocrx_word' id='word_1_152' title='bbox 298 2109 356 2189; x_wconf 81' lang='grc' dir='ltr'><strong><em>τοὶς</em></strong></span> <span class='ocrx_word' id='word_1_153' title='bbox 366 2115 530 2198; x_wconf 87' lang='grc' dir='ltr'><strong><em>τιμωρίας.</em></strong></span> <span class='ocrx_word' id='word_1_154' title='bbox 560 2109 649 2178; x_wconf 79' lang='grc' dir='ltr'><strong><em>οὕτω</em></strong></span> <span class='ocrx_word' id='word_1_155' title='bbox 661 2108 691 2178; x_wconf 88' lang='grc' dir='ltr'><strong><em>δ’</em></strong></span> <span class='ocrx_word' id='word_1_156' title='bbox 705 2108 827 2189; x_wconf 85' lang='grc' dir='ltr'><strong><em>ἀνίσως</em></strong></span> <span class='ocrx_word' id='word_1_157' title='bbox 836 2113 892 2180; x_wconf 81' lang='grc' dir='ltr'><strong><em>καλ</em></strong></span> <span class='ocrx_word' id='word_1_158' title='bbox 902 2119 1142 2191; x_wconf 77' lang='grc' dir='ltr'><strong><em>πλεονεκτικῶς</em></strong></span> 
     </span>
     <span class='ocr_line' id='line_1_21' title="bbox 186 2206 1142 2298; baseline -0.002 -20"><span class='ocrx_word' id='word_1_159' title='bbox 186 2217 259 2297; x_wconf 79' lang='grc' dir='ltr'><strong><em>ἔσχε</em></strong></span> <span class='ocrx_word' id='word_1_160' title='bbox 277 2209 359 2298; x_wconf 83' lang='grc' dir='ltr'><strong><em>πρὸς</em></strong></span> <span class='ocrx_word' id='word_1_161' title='bbox 376 2206 462 2296; x_wconf 79' lang='grc' dir='ltr'><strong><em>ἀμάς</em></strong></span> <span class='ocrx_word' id='word_1_162' title='bbox 476 2209 673 2294; x_wconf 81' lang='grc' dir='ltr'><strong><em>Ἀνδροτίων</em></strong></span> <span class='ocrx_word' id='word_1_163' title='bbox 691 2209 775 2278; x_wconf 72' lang='grc' dir='ltr'><strong><em>ὥστε</em></strong></span> <span class='ocrx_word' id='word_1_164' title='bbox 793 2208 852 2278; x_wconf 81' lang='grc' dir='ltr'><strong><em>τὸν</em></strong></span> <span class='ocrx_word' id='word_1_165' title='bbox 869 2212 930 2297; x_wconf 69' lang='grc' dir='ltr'><strong><em>μὲν</em></strong></span> <span class='ocrx_word' id='word_1_166' title='bbox 948 2208 1056 2279; x_wconf 80' lang='grc' dir='ltr'><strong><em>αὑτοῦ</em></strong></span> <span class='ocrx_word' id='word_1_167' title='bbox 1075 2234 1142 2277; x_wconf 89' lang='grc' dir='ltr'><strong><em>πα-</em></strong></span> 
     </span>
     <span class='ocr_line' id='line_1_22' title="bbox 187 2307 1142 2401; baseline -0.001 -26"><span class='ocrx_word' id='word_1_168' title='bbox 187 2314 263 2396; x_wconf 86' lang='grc' dir='ltr'><strong><em>τέρα</em></strong></span> <span class='ocrx_word' id='word_1_169' title='bbox 273 2307 354 2401; x_wconf 79' lang='grc' dir='ltr'><strong><em>ρ’ίετο</em></strong></span> <span class='ocrx_word' id='word_1_170' title='bbox 365 2313 445 2393; x_wconf 86' lang='grc' dir='ltr'><strong><em>δεῖν,</em></strong></span> <span class='ocrx_word' id='word_1_171' title='bbox 452 2313 594 2396; x_wconf 79' lang='grc' dir='ltr'><strong><em>δημοσίᾳ</em></strong></span> <span class='ocrx_word' id='word_1_172' title='bbox 604 2312 744 2378; x_wconf 87' lang='grc' dir='ltr'><strong><em>δεθέντα</em></strong></span> <span class='ocrx_word' id='word_1_173' title='bbox 753 2311 805 2378; x_wconf 80' lang='grc' dir='ltr'><strong><em>ἐπὶ</em></strong></span> <span class='ocrx_word' id='word_1_174' title='bbox 813 2311 977 2396; x_wconf 90' lang='grc' dir='ltr'><strong><em>χρήμασιν</em></strong></span> <span class='ocrx_word' id='word_1_175' title='bbox 986 2313 1022 2376; x_wconf 79' lang='grc' dir='ltr'><strong><em>ἐν</em></strong></span> <span class='ocrx_word' id='word_1_176' title='bbox 1029 2316 1076 2397; x_wconf 78' lang='grc' dir='ltr'><strong><em>τῷ</em></strong></span> <span class='ocrx_word' id='word_1_177' title='bbox 1084 2312 1142 2375; x_wconf 83' lang='grc' dir='ltr'><strong><em>δε-</em></strong></span> 
     </span>
     <span class='ocr_line' id='line_1_23' title="bbox 187 2403 1141 2494; baseline 0.002 -22"><span class='ocrx_word' id='word_1_178' title='bbox 187 2415 370 2494; x_wconf 82' lang='grc' dir='ltr'><strong><em>σμωτηρίφ,</em></strong></span> <span class='ocrx_word' id='word_1_179' title='bbox 377 2403 448 2492; x_wconf 84' lang='grc' dir='ltr'><strong><em>μήτ’</em></strong></span> <span class='ocrx_word' id='word_1_180' title='bbox 456 2404 625 2475; x_wconf 87' lang='grc' dir='ltr'><strong><em>ἀποδόντα</em></strong></span> <span class='ocrx_word' id='word_1_181' title='bbox 635 2416 738 2474; x_wconf 84' lang='grc' dir='ltr'><strong><em>ταῦτα</em></strong></span> <span class='ocrx_word' id='word_1_182' title='bbox 747 2407 829 2494; x_wconf 88' lang='grc' dir='ltr'><strong><em>μήτε</em></strong></span> <span class='ocrx_word' id='word_1_183' title='bbox 837 2405 979 2494; x_wconf 79' lang='grc' dir='ltr'><strong><em>κραθέντ’</em></strong></span> <span class='ocrx_word' id='word_1_184' title='bbox 989 2406 1141 2493; x_wconf 82' lang='grc' dir='ltr'><strong><em>ἀποδρά-</em></strong></span> 
     </span>
     <span class='ocr_line' id='line_1_24' title="bbox 187 2501 1143 2590; baseline 0.004 -21"><span class='ocrx_word' id='word_1_185' title='bbox 187 2528 253 2586; x_wconf 90' lang='grc' dir='ltr'><strong><em>ναι,</em></strong></span> <span class='ocrx_word' id='word_1_186' title='bbox 260 2506 357 2569; x_wconf 71' lang='grc' dir='ltr'><strong><em>τοίνδ</em></strong></span> <span class='ocrx_word' id='word_1_187' title='bbox 374 2502 486 2570; x_wconf 83' lang='grc' dir='ltr'><strong><em>ἀλλων</em></strong></span> <span class='ocrx_word' id='word_1_188' title='bbox 494 2511 640 2571; x_wconf 79' lang='grc' dir='ltr'><strong><em>πολιτῶν</em></strong></span> <span class='ocrx_word' id='word_1_189' title='bbox 647 2504 707 2572; x_wconf 84' lang='grc' dir='ltr'><strong><em>τὸν</em></strong></span> <span class='ocrx_word' id='word_1_190' title='bbox 714 2504 759 2590; x_wconf 83' lang='grc' dir='ltr'><strong><em>μή</em></strong></span> <span class='ocrx_word' id='word_1_191' title='bbox 770 2505 960 2588; x_wconf 86' lang='grc' dir='ltr'><strong><em>δυνάμενον</em></strong></span> <span class='ocrx_word' id='word_1_192' title='bbox 968 2501 1008 2570; x_wconf 86' lang='grc' dir='ltr'><strong><em>τά</em></strong></span> <span class='ocrx_word' id='word_1_193' title='bbox 1018 2505 1143 2572; x_wconf 79' lang='grc' dir='ltr'><strong><em>ἑαυτοῦ</em></strong></span> 
     </span>
     <span class='ocr_line' id='line_1_25' title="bbox 187 2596 1142 2687; baseline 0.002 -21"><span class='ocrx_word' id='word_1_194' title='bbox 187 2609 297 2668; x_wconf 86' lang='grc' dir='ltr'><strong><em>θεῖναι</em></strong></span> <span class='ocrx_word' id='word_1_195' title='bbox 308 2607 446 2668; x_wconf 83' lang='grc' dir='ltr'><strong><em>οῖκοθεν</em></strong></span> <span class='ocrx_word' id='word_1_196' title='bbox 455 2609 502 2678; x_wconf 89' lang='grc' dir='ltr'><strong><em>είς</em></strong></span> <span class='ocrx_word' id='word_1_197' title='bbox 512 2599 550 2668; x_wconf 83' lang='grc' dir='ltr'><strong><em>τὸ</em></strong></span> <span class='ocrx_word' id='word_1_198' title='bbox 562 2602 786 2687; x_wconf 80' lang='grc' dir='ltr'><strong><em>δεσμωτήριον</em></strong></span> <span class='ocrx_word' id='word_1_199' title='bbox 798 2598 942 2684; x_wconf 76' lang='grc' dir='ltr'><strong><em>ἀχθέντα</em></strong></span> <span class='ocrx_word' id='word_1_200' title='bbox 954 2596 1009 2684; x_wconf 77' lang='grc' dir='ltr'><strong><em>ὑφ’</em></strong></span> <span class='ocrx_word' id='word_1_201' title='bbox 1019 2600 1142 2668; x_wconf 81' lang='grc' dir='ltr'><strong><em>ἑαυτοῦ</em></strong></span> 
     </span>
     <span class='ocr_line' id='line_1_26' title="bbox 126 2694 1140 2786; baseline 0.003 -22"><span class='ocrx_word' id='word_1_202' title='bbox 126 2712 177 2766; x_wconf 83' lang='grc'><strong><em>169</em></strong></span> <span class='ocrx_word' id='word_1_203' title='bbox 188 2699 351 2766; x_wconf 84' lang='grc' dir='ltr'><strong><em>δεδέσθαι.</em></strong></span> <span class='ocrx_word' id='word_1_204' title='bbox 371 2699 427 2766; x_wconf 80' lang='grc' dir='ltr'><strong><em>καί</em></strong></span> <span class='ocrx_word' id='word_1_205' title='bbox 440 2697 645 2784; x_wconf 81' lang='grc' dir='ltr'><strong><em>Τιμοκράτης</em></strong></span> <span class='ocrx_word' id='word_1_206' title='bbox 654 2707 720 2765; x_wconf 84' lang='grc' dir='ltr'><strong><em>των</em></strong></span> <span class='ocrx_word' id='word_1_207' title='bbox 730 2697 791 2784; x_wconf 71' lang='grc' dir='ltr'><strong><em>μὲν</em></strong></span> <span class='ocrx_word' id='word_1_208' title='bbox 801 2704 935 2765; x_wconf 75' lang='grc' dir='ltr'><strong><em>πολλῶν</em></strong></span> <span class='ocrx_word' id='word_1_209' title='bbox 943 2694 1039 2785; x_wconf 72' lang='grc' dir='ltr'><strong><em>ἡμῶν</em></strong></span> <span class='ocrx_word' id='word_1_210' title='bbox 1052 2699 1140 2786; x_wconf 86' lang='grc' dir='ltr'><strong><em>τότε,</em></strong></span> 
     </span>
     <span class='ocr_line' id='line_1_27' title="bbox 187 2791 1141 2884; baseline 0.005 -24"><span class='ocrx_word' id='word_1_211' title='bbox 187 2791 242 2862; x_wconf 83' lang='grc' dir='ltr'><strong><em>ὅτε</em></strong></span> <span class='ocrx_word' id='word_1_212' title='bbox 250 2791 312 2879; x_wconf 86' lang='grc' dir='ltr'><strong><em>τήν</em></strong></span> <span class='ocrx_word' id='word_1_213' title='bbox 321 2799 496 2862; x_wconf 86' lang='grc' dir='ltr'><strong><em>διπλασίαν</em></strong></span> <span class='ocrx_word' id='word_1_214' title='bbox 504 2799 721 2881; x_wconf 76' lang='grc' dir='ltr'><strong><em>εἰσέπραττεν,</em></strong></span> <span class='ocrx_word' id='word_1_215' title='bbox 729 2792 802 2863; x_wconf 76' lang='grc' dir='ltr'><strong><em>οὐδ’</em></strong></span> <span class='ocrx_word' id='word_1_216' title='bbox 809 2791 852 2863; x_wconf 88' lang='grc' dir='ltr'><strong><em>ἀν</em></strong></span> <span class='ocrx_word' id='word_1_217' title='bbox 860 2793 933 2881; x_wconf 86' lang='grc' dir='ltr'><strong><em>παρ’</em></strong></span> <span class='ocrx_word' id='word_1_218' title='bbox 944 2797 1017 2876; x_wconf 81' lang='grc' dir='ltr'><strong><em>ἑνὸς</em></strong></span> <span class='ocrx_word' id='word_1_219' title='bbox 1025 2805 1141 2884; x_wconf 85' lang='grc' dir='ltr'><strong><em>λαβεῖν</em></strong></span> 
     </span>
     <span class='ocr_line' id='line_1_28' title="bbox 187 2888 1138 2981; baseline 0.004 -23"><span class='ocrx_word' id='word_1_220' title='bbox 187 2888 352 2977; x_wconf 78' lang='grc' dir='ltr'><strong><em>ἠθέλησεν</em></strong></span> <span class='ocrx_word' id='word_1_221' title='bbox 362 2890 546 2978; x_wconf 75' lang='grc' dir='ltr'><strong><em>ἐγγυητάς,</em></strong></span> <span class='ocrx_word' id='word_1_222' title='bbox 559 2892 603 2979; x_wconf 84' lang='grc' dir='ltr'><strong><em>μή</em></strong></span> <span class='ocrx_word' id='word_1_223' title='bbox 615 2895 709 2980; x_wconf 84' lang='grc' dir='ltr'><strong><em>μέχρι</em></strong></span> <span class='ocrx_word' id='word_1_224' title='bbox 724 2900 781 2980; x_wconf 80' lang='grc' dir='ltr'><strong><em>τῆς</em></strong></span> <span class='ocrx_word' id='word_1_225' title='bbox 798 2893 915 2980; x_wconf 79' lang='grc' dir='ltr'><strong><em>ἐνάτης</em></strong></span> <span class='ocrx_word' id='word_1_226' title='bbox 929 2901 1138 2981; x_wconf 86' lang='grc' dir='ltr'><strong><em>πρυτανείας,</em></strong></span> 
     </span>
     <span class='ocr_line' id='line_1_29' title="bbox 188 2984 1141 3079; baseline 0.003 -23"><span class='ocrx_word' id='word_1_227' title='bbox 188 2984 260 3058; x_wconf 82' lang='grc' dir='ltr'><strong><em>ἀλλ’</em></strong></span> <span class='ocrx_word' id='word_1_228' title='bbox 273 2984 430 3075; x_wconf 78' lang='grc' dir='ltr'><strong><em>οὐδεμιᾶς</em></strong></span> <span class='ocrx_word' id='word_1_229' title='bbox 439 2989 572 3077; x_wconf 81' lang='grc' dir='ltr'><strong><em>ἡμέρας,</em></strong></span> <span class='ocrx_word' id='word_1_230' title='bbox 580 2989 647 3060; x_wconf 84' lang='grc' dir='ltr'><strong><em>ἀλλ’</em></strong></span> <span class='ocrx_word' id='word_1_231' title='bbox 658 2988 681 3079; x_wconf 88' lang='grc' dir='ltr'><strong><em>ή</em></strong></span> <span class='ocrx_word' id='word_1_232' title='bbox 692 2996 792 3061; x_wconf 82' lang='grc' dir='ltr'><strong><em>διπλᾶ</em></strong></span> <span class='ocrx_word' id='word_1_233' title='bbox 805 2990 845 3059; x_wconf 85' lang='grc' dir='ltr'><strong><em>τά</em></strong></span> <span class='ocrx_word' id='word_1_234' title='bbox 853 2990 986 3079; x_wconf 81' lang='grc' dir='ltr'><strong><em>χρήματ’</em></strong></span> <span class='ocrx_word' id='word_1_235' title='bbox 1000 2998 1067 3061; x_wconf 79' lang='grc' dir='ltr'><strong><em>ἔδει</em></strong></span> <span class='ocrx_word' id='word_1_236' title='bbox 1078 3020 1141 3060; x_wconf 87' lang='grc' dir='ltr'><strong><em>κα-</em></strong></span> 
     </span>
     <span class='ocr_line' id='line_1_30' title="bbox 187 3083 1140 3178; baseline 0.004 -23"><span class='ocrx_word' id='word_1_237' title='bbox 187 3089 363 3176; x_wconf 88' lang='grc' dir='ltr'><strong><em>ταβάλλειν</em></strong></span> <span class='ocrx_word' id='word_1_238' title='bbox 374 3083 397 3175; x_wconf 78' lang='grc' dir='ltr'><em>ἢ</em></span> <span class='ocrx_word' id='word_1_239' title='bbox 408 3097 606 3178; x_wconf 76' lang='grc' dir='ltr'><strong><em>παραχρῆμα</em></strong></span> <span class='ocrx_word' id='word_1_240' title='bbox 616 3094 781 3160; x_wconf 88' lang='grc' dir='ltr'><strong><em>δεδέσθαι.</em></strong></span> <span class='ocrx_word' id='word_1_241' title='bbox 805 3095 985 3177; x_wconf 90' lang='grc' dir='ltr'><strong><em>παρεδίδου</em></strong></span> <span class='ocrx_word' id='word_1_242' title='bbox 994 3089 1026 3160; x_wconf 91' lang='grc' dir='ltr'><strong><em>δ’</em></strong></span> <span class='ocrx_word' id='word_1_243' title='bbox 1040 3083 1140 3170; x_wconf 77' lang='grc' dir='ltr'><strong><em>οὗτος</em></strong></span> 
     </span>
     <span class='ocr_line' id='line_1_31' title="bbox 186 3185 1165 3280; baseline 0.002 -26"><span class='ocrx_word' id='word_1_244' title='bbox 186 3200 255 3266; x_wconf 88' lang='grc' dir='ltr'><strong><em>τοῖς</em></strong></span> <span class='ocrx_word' id='word_1_245' title='bbox 265 3188 384 3255; x_wconf 82' lang='grc' dir='ltr'><strong><em>ἕνδεκα</em></strong></span> <span class='ocrx_word' id='word_1_246' title='bbox 394 3185 454 3256; x_wconf 82' lang='grc' dir='ltr'><strong><em>τὸν</em></strong></span> <span class='ocrx_word' id='word_1_247' title='bbox 464 3185 527 3257; x_wconf 79' lang='grc' dir='ltr'><strong><em>οὐκ</em></strong></span> <span class='ocrx_word' id='word_1_248' title='bbox 539 3186 717 3277; x_wconf 72' lang='grc' dir='ltr'><strong><em>ὠφληκότα</em></strong></span> <span class='ocrx_word' id='word_1_249' title='bbox 726 3194 763 3259; x_wconf 80' lang='grc' dir='ltr'><strong><em>ἐν</em></strong></span> <span class='ocrx_word' id='word_1_250' title='bbox 772 3196 818 3280; x_wconf 77' lang='grc' dir='ltr'><strong><em>τῷ</em></strong></span> <span class='ocrx_word' id='word_1_251' title='bbox 834 3195 1040 3280; x_wconf 76' lang='grc' dir='ltr'><strong><em>δικαστηρίῳ.</em></strong></span> <span class='ocrx_word' id='word_1_252' title='bbox 1073 3196 1165 3264; x_wconf 82' lang='grc' dir='ltr'><strong><em>νῦν7</em></strong></span> 
     </span>
     <span class='ocr_line' id='line_1_32' title="bbox 187 3278 1142 3375; baseline 0.002 -24"><span class='ocrx_word' id='word_1_253' title='bbox 187 3280 217 3350; x_wconf 75' lang='grc' dir='ltr'><strong><em>δ’</em></strong></span> <span class='ocrx_word' id='word_1_254' title='bbox 226 3283 316 3364; x_wconf 81' lang='grc' dir='ltr'><strong><em>ὅπως</em></strong></span> <span class='ocrx_word' id='word_1_255' title='bbox 325 3278 374 3353; x_wconf 73' lang='grc' dir='ltr'><strong><em>οἷν</em></strong></span> <span class='ocrx_word' id='word_1_256' title='bbox 383 3281 426 3353; x_wconf 82' lang='grc' dir='ltr'><strong><em>ἀν</em></strong></span> <span class='ocrx_word' id='word_1_257' title='bbox 433 3282 529 3373; x_wconf 73' lang='grc' dir='ltr'><strong><em>ὑμεῖς</em></strong></span> <span class='ocrx_word' id='word_1_258' title='bbox 534 3295 723 3375; x_wconf 71' lang='grc' dir='ltr'><strong><em>καταγνῶτε</em></strong></span> <span class='ocrx_word' id='word_1_259' title='bbox 732 3284 842 3355; x_wconf 86' lang='grc' dir='ltr'><strong><em>άδετοι</em></strong></span> <span class='ocrx_word' id='word_1_260' title='bbox 850 3295 1027 3373; x_wconf 83' lang='grc' dir='ltr'><strong><em>περιίασιν,</em></strong></span> <span class='ocrx_word' id='word_1_261' title='bbox 1034 3283 1142 3354; x_wconf 79' lang='grc' dir='ltr'><strong><em>ἀπεύ-</em></strong></span> 
     </span>
     <span class='ocr_line' id='line_1_33' title="bbox 186 3380 1089 3472; baseline 0.004 -25"><span class='ocrx_word' id='word_1_262' title='bbox 186 3391 298 3452; x_wconf 88' lang='grc' dir='ltr'><strong><em>θυνον</em></strong></span> <span class='ocrx_word' id='word_1_263' title='bbox 310 3380 416 3454; x_wconf 74' lang='grc' dir='ltr'><strong><em>αὑτὸν</em></strong></span> <span class='ocrx_word' id='word_1_264' title='bbox 425 3386 564 3470; x_wconf 88' lang='grc' dir='ltr'><strong><em>ποιήσας</em></strong></span> <span class='ocrx_word' id='word_1_265' title='bbox 574 3387 680 3472; x_wconf 87' lang='grc' dir='ltr'><strong><em>νόμον</em></strong></span> <span class='ocrx_word' id='word_1_266' title='bbox 691 3391 891 3470; x_wconf 71' lang='grc' dir='ltr'><strong><em>εἰσενεγκεῖν</em></strong></span> <span class='ocrx_word' id='word_1_267' title='bbox 902 3386 1089 3472; x_wconf 76' lang='grc' dir='ltr'><strong><em>ἐτόλμησεν.</em></strong></span> 
     </span>
    </p>
   </div>
   <div class='ocr_carea' id='block_1_4' title="bbox 0 0 1190 3854">
    <p class='ocr_par' dir='ltr' id='par_1_4' title="bbox 0 0 1190 3854">
     <span class='ocr_line' id='line_1_34' title="bbox 0 0 1190 3854; baseline 0 0"><span class='ocrx_word' id='word_1_268' title='bbox 0 0 1190 3854; x_wconf 95' lang='lat' dir='ltr'><strong><em> </em></strong></span> 
     </span>
    </p>
   </div>
  </div>
 </body>
</html>
