2370 3854
322 206 459 267 ΥΠΕΡ
486 205 823 273 ΦΟΡΜΙΩΝΟΣ.
987 210 1049 274 425

91 363 282 450 mmm
291 362 673 451 καλαφιδςιιπωντων
625 393 694 435 των
703 369 966 460 ἐγκλημάτων,
938 392 1049 457 ωσπερ

91 459 115 551 ἠ
132 486 271 532 παντων
279 462 477 531 τεθνεωτων
486 489 616 533 τουτων
626 461 649 551 ἠ
658 473 716 551 τῆς
727 464 937 554 άληθείας’
897 496 1050 586 ονγενη-

91 563 234 648 σομάνης
254 567 417 646 φανεράς,
439 565 537 648 δίκην
556 561 727 631 τοσούτων
748 566 922 633 ταλάντων
938 566 1050 652 λαχών

90 664 198 749 τολμᾷ
210 658 413 739 δικάζεσθαι.

47 770 85 827 18
180 756 228 827 Τά
245 750 365 845 μὲν
322 783 387 825 ουν
406 760 620 845 πεπραγμένα
637 761 693 828 καὶ
709 763 911 847 γεγενημένα
922 768 1049 848 Φορμά-

93 882 155 925 ωνι
172 879 256 942 προς
262 852 515 939 Απολλοδωρον
525 854 590 937 ἐξ
569 882 671 945 αρχης
682 857 801 926 απαντ
816 857 1045 945 άκηκόατε,ω

91 950 228 1038 ανδρες
222 961 398 1039 Αθηναῖοι
432 950 573 1038 οἷμαιδ’
583 954 834 1042 Απολλοδωρον
845 956 1028 1027 τουτονὶ
987 984 1048 1026 ον
1031 966 1111 1022 -950

93 1052 150 1120 δὲν
167 1055 425 1138 δχονταδκαιον
435 1056 540 1120 εἰπεῖν
549 1045 665 1139 περὶ
636 1079 685 1121 ων
696 1055 885 1142 ἐγκαλεῖ,
862 1081 948 1142 οπερ
959 1081 1048 1143 παρα

91 1154 140 1239 τῷ
157 1153 305 1236 διαιτητῇ
322 1149 579 1236 λέγεινέτάλμα,
602 1151 698 1219 ταῦτ’
710 1156 814 1239 ἐρεῖν,
838 1151 882 1233 ὥς
893 1155 933 1223 τά
944 1156 1048 1242 γράμ-

93 1273 178 1334 ματα
188 1245 210 1335 ἠ
219 1245 327 1334 μήτηρ
336 1244 484 1335 ἠφάνικε
496 1258 669 1316 πεισθεῖσα
680 1247 747 1318 ὑπὸ
758 1251 891 1337 τούτου,
902 1256 957 1321 καὶ
967 1253 1048 1322 τοά-

92 1371 160 1415 των
176 1343 398 1415 ἀπολωλότων
416 1343 480 1414 οὐκ
496 1351 560 1433 ἔχει
576 1354 650 1415 τίνα
661 1346 723 1435 χρή
735 1349 862 1437 τρόπον
872 1347 964 1418 ταῦτ’
979 1355 1048 1432 ἐξε·

52 1459 86 1517 19
93 1446 220 1533 λέγχειν
230 1440 383 1530 άκριβως.
404 1446 479 1530 περὶ
489 1442 529 1533 δή
541 1443 671 1514 τούτων
682 1450 736 1514 καὶ
745 1447 866 1534 ταύτης
876 1456 934 1536 τής
943 1456 1047 1529 αἰτίας

92 1544 262 1625 σκέψασθε
278 1539 366 1629 ἡλίκ’
387 1542 431 1611 ἄν
448 1570 496 1622 τις
514 1549 582 1630 ἔχοι
597 1545 757 1631 τεκμήρια
775 1552 878 1613 εἰπεῖν
897 1543 949 1614 ὅτι
966 1548 1047 1628 ψεύ-

92 1646 193 1710 δεται.
225 1642 436 1728 πρῶτονμὲν
451 1640 533 1728 γάρ,
557 1635 585 1709 ά
603 1640 723 1729 ἄνδρες
730 1639 918 1730 Ἀθηναῖοι,
941 1651 989 1724 τίς
1003 1641 1047 1712 άν

92 1740 243 1827 ἐνείματο
259 1737 299 1807 τά
316 1749 452 1830 πατρῷα
470 1738 515 1828 μή
529 1739 643 1827 λαβών
652 1743 827 1828 γράμματα
838 1747 870 1823 ἐξ
882 1734 930 1810 οἷν
949 1751 1046 1829 ἔμελ-

92 1846 151 1907 λεν
162 1847 311 1923 εἴσεσθαι
321 1839 383 1926 τήν
393 1848 674 1926 καταλειφθεῖσαν
685 1837 821 1923 οὐσίαν;
839 1840 917 1910 οὐδὲ
929 1841 975 1922 εἷς
986 1839 1048 1928 δή-

92 1960 168 2005 που.
202 1944 308 2005 καίτοι
329 1942 426 2007 δυοῖν
448 1942 566 2009 δέοντα
587 1948 713 2009 εἴκοσιν
734 1944 789 2027 ἔτη
807 1943 895 2011 ἐστὶν
913 1943 947 2022 ἐξ
965 1938 1047 2009 ὅπου

93 2039 226 2124 ἐνείμω,
248 2040 303 2107 καὶ
319 2035 383 2107 οὐκ
401 2034 443 2107 δν
454 2044 537 2126 ἔχοις
548 2042 701 2120 ἐπιδεῖξαι
712 2036 758 2118 ὥς
770 2039 964 2117 ἐνεκάλεσας
975 2039 1048 2105 πω-

48 2152 173 2207 move
188 2132 273 2219 ὑπὲρ
290 2145 358 2204 τάν
374 2139 586 2223 γραμμάτων.
618 2138 776 2218 δεύτερον
787 2136 839 2220 δὲ,
860 2141 908 2211 τίς
918 2131 980 2202 οὐκ
991 2130 1045 2219 άν,

94 2231 194 2319 ἠνίκα
211 2231 411 2318 ὁΠασικλῆς
427 2230 512 2318 άνήρ
528 2231 676 2317 γεγονώς
692 2234 854 2314 ἐκομίζετο
872 2227 1046 2314 τὸνλόγον

94 2339 152 2418 τῆς
169 2335 360 2416 ἐπιτροπῆς,
383 2335 414 2397 εἰ
429 2326 474 2396 δι’
494 2327 600 2397 αὑτοῦ
617 2326 657 2395 τά
677 2323 841 2414 γράμματ’
866 2325 965 2393 άκνει
984 2325 1046 2411 τήν

94 2431 218 2515 μητέρα
233 2432 401 2494 αἰτιᾶσθαι
417 2429 676 2512 διεφθαρκέναι,
696 2424 804 2514 τοάτφ
814 2422 909 2493 ταῦτ’
921 2424 1046 2513 ἐδήλω-

95 2546 170 2610 σεν,
193 2523 282 2604 ὅπως
299 2522 354 2593 διὰ
372 2525 496 2593 τούτου
513 2532 619 2593 ταῦτα
635 2523 797 2611 ἠλέγχθης
819 2531 931 2608 τρίτον
942 2522 988 2610 δ’,
1010 2528 1046 2591 ἐκ

94 2629 201 2694 ποίων
225 2620 429 2709 γραμμάτων
450 2621 508 2700 τάς
529 2627 622 2700 δίκας
643 2623 832 2707 ἐλάγχανεςς
863 2612 961 2699 οὗτος
981 2620 1045 2706 γάρ

94 2729 230 2801 πολλοῖς
245 2730 315 2789 τῶν
331 2729 477 2791 πολιτῶν
493 2726 587 2801 δίκας
596 2720 772 2807 λαγχάνων
782 2720 887 2787 πολλά
898 2719 1045 2807 χρήματα

95 2823 345 2905 εἰσπέπρακται,
368 2821 512 2909 γράφων
529 2827 575 2901 εἰς
592 2820 631 2888 τά
648 2818 833 2907 ἐγκλήματα
846 2817 992 2906 “ἒβλαφε’
1006 2843 1046 2904 με

89 2914 131 2987 “δ
143 2921 235 2986 δεῖνα
245 2923 308 2989 οὐκ
321 2917 502 2998 άποδιδοδς
512 2922 583 3007 ἐμοὶ
592 2916 629 2986 τδ
643 2915 823 3004 άργάριον,
843 2914 1046 2984 δκατέλιπεν

49 3011 131 3099 21“ὁ
147 3015 254 3102 πατήρ
266 3016 443 3104 ὀφείλοντα
454 3014 559 3086 αὐτὸν
570 3022 683 3094 ἐντοῖς
693 3011 910 3100 γράμμασιν.”
941 3020 1046 3080 καίτοι

95 3118 127 3182 εδ
140 3112 305 3200 ἠφάνιστο
322 3116 362 3184 τά
378 3117 569 3203 γράμματα,
591 3120 627 3183 ἐκ
643 3121 750 3182 ποίων
766 3109 970 3197 γραμμάτων
988 3107 1047 3186 τάς

95 3214 189 3290 δίκας
199 3213 395 3298 λλάγχανενς
418 3213 504 3283 άλλά
513 3214 579 3303 μὴν
590 3213 639 3282 ὅτι
651 3210 743 3279 ταῦτ’
758 3208 869 3298 άληθή
879 3210 974 3296 λέγω,
986 3207 1047 3295 τήν

93 3317 156 3394 μὲν
173 3310 474 3398 νομήνάιιηκόατε,
496 3311 715 3400 ἠνένελματο,
738 3312 793 3377 καὶ
803 3306 1047 3396 μεμαρτύρηται
