2370 3854
175 211 237 275 298
380 213 464 271 xxv.
483 206 932 288 [ΛΗΜοΣοαΝουε]

135 371 353 460 ρησυμφοράς
369 374 586 456 συφρονιζειν
604 367 766 451 λέγουσιν.
799 363 914 434 οὑτοσὶ
925 373 1042 434 τοίνυν
1051 367 1145 455 Ἀρι-

179 477 356 556 στογείτων
372 476 535 536 τοσοῦτον
553 466 742 552 ὑπερῄρκεν
763 462 911 542 ἅπαντας
933 462 1142 551 ἀνθρώπους

182 575 325 655 πονηρίᾳ
344 565 423 633 ὥστ’
437 563 515 633 οὐδὲ
527 563 649 631 παθών
667 561 894 649 ἐνουθετήθη,
918 561 992 631 ἀλλ’
1005 567 1059 631 ἐπὶ
1071 579 1142 644 τοῖς

180 665 292 745 αὐτοῖς
310 664 489 750 ἀδικήμασι
505 666 560 730 καὶ
579 659 840 746 πλεονεκτήμασι
857 661 958 729 πάλιν
980 669 1141 747 είληπται.

179 767 234 833 καὶ
248 763 396 851 τοσούτῳ
415 768 566 838 πλείονος
584 758 686 844 ὀργῆς
705 759 796 838 ἀξιός
812 763 881 828 ἐστι
897 767 963 827 νῦν
979 755 1001 845 ἦ
1019 761 1141 846 πρότε-

181 891 259 950 ρον,
273 861 340 950 ὅσῳ
352 861 427 928 τότε
437 860 499 945 μὲν
509 859 653 945 γράφειν
664 857 772 942 μόνον
785 855 868 947 ᾤετο
879 861 949 925 δεῖν
960 858 1051 944 παρά
1061 857 1143 938 τοὺς

181 962 321 1045 νόμους,
335 962 412 1025 νυνὶ
424 962 461 1025 δὲ
471 958 579 1024 πάντα
591 970 714 1041 ποιεῖν,
727 961 914 1041 αίτιάσθαι,
928 957 1052 1042 λέγειν,
1066 960 1142 1024 δια-

181 1061 335 1145 βάλλειν,
355 1065 578 1144 βλασφημεῖν,
602 1053 756 1123 θανάτου
770 1061 946 1139 τιμᾶσθαι,
970 1057 1142 1140 εἰσαγγέλ-

181 1166 268 1244 λειν,
292 1164 490 1241 κακολογεῖν
511 1153 589 1231 τούς
611 1157 778 1238 ἐπιτίμους
799 1148 902 1230 αὐτὸς
925 1148 1071 1236 ὀφείλων
1092 1161 1141 1240 τῷ

131 1271 165 1323 95
182 1260 343 1345 δημοσίῳ·
365 1252 487 1322 τούτου
502 1250 567 1336 γὰρ
584 1249 686 1320 οὐδέν
703 1253 771 1318 ἐστι
793 1250 990 1336 δεινότερον.
1022 1248 1060 1318 τὸ
1080 1251 1142 1336 μὲν

181 1349 245 1424 οὖν
261 1364 438 1423 νουθετεῖν
456 1361 577 1421 τοῦτον
589 1358 705 1439 μανία·
729 1348 765 1428 ὃς
775 1349 839 1434 γάρ
851 1344 899 1428 οἷς
910 1347 927 1418 ὁ
940 1354 1043 1436 δῆμος
1054 1348 1141 1430 ἅπας

179 1454 260 1534 τούς
277 1459 496 1540 ἐνοχλοῦντας
513 1451 632 1521 ἑαυτὸν
643 1458 802 1518 νουθετεῖ
809 1449 972 1536 θορύβοις
983 1450 1141 1535 μηδεπώ-

180 1552 262 1622 ποθ’
276 1551 387 1631 ὑπεῖξε
399 1551 480 1638 μηδὲ
492 1548 667 1636 διετράπη,
684 1547 767 1632 ταχύ
777 1546 810 1631 γ’
824 1542 868 1613 ἀν
879 1553 1067 1632 φροντίσειε
1078 1556 1140 1616 τοῦ

181 1648 260 1737 παρ’
276 1648 349 1728 ἑνὸς
360 1650 472 1733 λόγου.
497 1646 650 1730 ἀνίατον,
662 1643 810 1728 ἀνίατον,
824 1644 945 1732 ἀνδρες
955 1643 1140 1734 Ἀθηναῖοι,

180 1747 218 1817 τό
236 1749 372 1835 πράγμά
390 1751 457 1815 ἐστι
472 1744 509 1815 τδ
528 1746 661 1814 τούτου.
692 1748 743 1811 δεῖ
759 1742 799 1829 δὴ
818 1742 962 1827 πάντας,
985 1741 1097 1832 ὥσπερ
1109 1749 1144 1814 ολ

182 1850 304 1934 ἰατροὶ,
334 1844 416 1914 ὅταν
440 1853 600 1929 καρκίνον
624 1840 646 1928 ἢ
667 1845 874 1928 φαγέδαιναν
895 1837 918 1927 ἢ
939 1848 1007 1909 τάν
1029 1841 1143 1912 ἀλλων

183 1941 330 2011 ἀνιάτων
347 1971 378 2010 τι
396 1950 511 2010 κακῶν
528 1949 660 2026 ίδωσιν,
684 1939 877 2008 ἀπέκαυσαν
888 1937 910 2027 ἢ
921 1941 1006 2021 ὅλως
1017 1941 1142 2010 ἀπέκο-

173 2056 266 2127 ψαν,
288 2039 376 2109 οὕτω
393 2049 492 2109 τοῦτο
509 2038 546 2107 τὸ
564 2046 687 2125 θηρίον
702 2037 790 2125 ὑμᾶς
807 2043 965 2127 ἐξορίσαι,
987 2045 1081 2126 ῥῖψαι
1097 2046 1136 2110 ἐκ

181 2148 239 2224 τῆς
251 2140 393 2225 πόλεως,
418 2137 566 2224 ἀνελεῖν,
588 2137 632 2226 μὴ
652 2139 905 2225 περιμείναντάς
915 2166 946 2205 τι
957 2149 1097 2226 παθεῖν,
1121 2139 1143 2208 δ

183 2236 259 2324 μήτ’
280 2242 345 2325 ίδίμ
356 2239 438 2326 μήτε
450 2243 589 2326 δημοσία
600 2242 744 2323 γένοιτο,
768 2236 852 2306 ἀλλά
865 2243 1143 2325 προευλαβηθέν-

135 2357 170 2412 96
181 2364 247 2415 τας.
281 2335 340 2404 ὡδὶ
357 2338 420 2422 γάρ
438 2335 546 2419 ὁράτε.
582 2335 702 2404 οὐδένα
721 2337 849 2405 πώποτ’
868 2347 947 2415 ίσως
963 2335 1059 2421 ὑμῶν
1075 2343 1142 2424 ἔχις

183 2439 299 2500 ἔδακεν
311 2433 388 2502 οὐδὲ
399 2433 595 2518 φαλάγγιον,
607 2435 688 2520 μηδὲ
699 2436 809 2503 δάκοι·
822 2434 895 2502 ἀλλ’
909 2433 999 2519 ὅμως
1008 2435 1142 2504 ἅπαντα
1151 2440 1182 2499 λλ

182 2530 370 2598 τὰτοιαῦτα
383 2530 468 2600 ἐπάν
480 2536 587 2617 ίδητε,
600 2531 705 2611 εὐθυς
715 2531 932 2600 ἀποκτείνετε.
962 2532 1022 2599 τδν
1033 2533 1142 2604 αὐτὸν

183 2636 300 2697 τοίνυν
316 2629 457 2716 τρόπον,
481 2623 508 2695 ἀ
527 2629 648 2713 ἀνδρες
660 2627 848 2714 Ἀθηναῖοι,
871 2632 926 2695 καὶ
942 2625 1024 2695 ὅταν
1037 2651 1145 2700 συκοτ

184 2727 316 2813 φάντην
325 2729 379 2794 καὶ
388 2724 509 2811 πικρδν
517 2730 571 2796 καλ
581 2733 648 2813 ἔχιν
656 2727 717 2813 την
729 2727 833 2813 φύσιν
844 2725 1029 2811 ἀνθρωπον
1040 2733 1141 2816 ίδητε,

183 2820 227 2909 μὴ
241 2819 317 2890 πόθ’
326 2823 466 2891 ἕκαστον
475 2823 571 2910 ὑμῶν
579 2828 707 2912 δήξεται
716 2828 915 2912 περιμένετε,
927 2824 993 2894 ἀλλ’
1008 2823 1144 2912 δπροσ-

182 2918 292 3007 τυχοδν
303 2918 353 2990 ἀεὶ
364 2923 617 3008 τιμωρησάσθω.

139 3047 172 3100 97
268 3025 464 3107 Λυκοῦργος
480 3021 540 3107 μὲν
557 3014 620 3090 οὖν
636 3020 853 3110 τῆνἈθηνάν
870 3024 1072 3111 ἐμαρτύρετο
1085 3026 1140 3092 καὶ

183 3119 246 3204 την
263 3122 385 3204 μητέρα
401 3127 588 3206 τάνθεάν,
611 3124 666 3190 καὶ
677 3130 785 3201 καλῶς
795 3128 905 3192 ἐποίει.
940 3122 1004 3209 ε’γώ
1017 3123 1051 3190 δὲ
1062 3119 1141 3201 τους

182 3215 373 3301 προγόνους
389 3216 467 3295 τούς
483 3216 664 3305 ὑμετέρους
676 3224 730 3289 καὶ
740 3219 798 3300 τάς
808 3220 926 3306 ἀρετάς
936 3221 994 3301 τάς
1005 3225 1142 3290 ἐκείνων

187 3311 361 3401 ἀνακαλῶ,
385 3307 435 3383 οἷν
453 3315 528 3385 οὐδ’
552 3316 570 3385 ὁ
590 3318 709 3403 χρόνος
728 3320 790 3406 τὴν
807 3321 942 3407 μνήμην
963 3316 1140 3406 ἠφάνικεν,

187 3411 339 3491 εἰκότως·
361 3417 591 3485 ἐπολιτεύοντο
601 3418 665 3505 γάρ
677 3416 750 3505 οὐχὶ
761 3432 828 3497 τοῖς
838 3416 1077 3505 πονηροτάτοις
1087 3418 1143 3486 καὶ
