2370 3854
236 224 372 285 ΚΑΤΑ
393 223 878 286 ΑΡΙΣΤΟΓΕΙΤΟΝΟΣ
896 228 937 285 A.
1003 226 1065 289 ‘299

111 385 335 471 συκοφάνταις
345 397 519 467 συνεργεῖν
532 381 680 460 διδόντες
691 384 837 466 έαυτούς,
850 381 928 454 οὐδὲ
939 383 999 453 τόν
1010 390 1065 454 ε’ν-

110 483 166 562 τὸς
175 495 301 568 τείχους
312 482 448 567 φθόνον
459 479 641 558 ἀσκοῦντες
648 478 702 547 ἐπ’
717 479 897 565 ἀλλήλους,
916 480 1063 553 ἀλλὰκαὶ

108 589 176 649 τῶν
191 582 343 668 ῥητόρων
359 583 412 646 καὶ
431 588 497 646 τῶν
508 575 739 657 ίδιωτοίντούς
750 577 811 663 μὲν
822 579 1000 663 σώφρονας
1010 586 1064 650 καὶ

108 679 270 766 χρηστοὺς
280 685 455 764 τιμῶντες,
477 677 556 755 τούς
567 677 604 744 δὲ
616 676 783 763 πονηρους
793 678 849 744 καὶ
862 687 999 762 θρασεῖς
1008 707 1064 765 μι-

108 785 245 854 σοῦντες
260 778 315 844 καλ
335 774 536 855 κολάζοντες.
570 778 602 854 ἐξ
621 767 670 842 ἀν
689 775 811 852 πάντες
833 771 975 860 ἀθληταὶ
996 785 1063 844 τῶν

106 883 219 943 καλῶν
230 881 336 961 ἔργων
347 876 507 957 ἐγένοντο.

63 995 97 1051 98
182 969 241 1040 Ἓν
260 970 289 1038 δ’
309 971 411 1040 εἰπών
427 975 479 1039 ἔτι
492 973 685 1041 παύσασθαι
701 973 873 1060 βούλομαι.
910 978 989 1053 ἔξιτε
1001 972 1064 1040 αό-

106 1081 182 1141 τίκα
194 1069 234 1156 δή
248 1071 336 1158 μάλα
347 1073 382 1138 ἐκ
394 1078 456 1138 τοῦ
468 1075 697 1157 δικαστηρίου,
709 1072 922 1158 θεωρήσουσι
934 1070 966 1139 δ’
978 1070 1064 1156 ὑμεῖς

106 1177 141 1239 oc
149 1171 398 1257 περιεστηκότες
408 1173 463 1238 καὶ
475 1173 562 1248 ξένοι
573 1173 629 1236 καὶ
641 1176 785 1255 πολῖται,
803 1173 858 1237 καὶ
868 1168 942 1237 κατ’
955 1170 1063 1254 ἀνδρα

106 1276 152 1350 είς
169 1274 310 1338 ἕκαστον
326 1269 386 1336 τὸν
397 1269 560 1352 παριόντα
572 1271 750 1354 βλέψονται
760 1270 815 1335 καί
826 1289 1063 1354 φυσιογνωμο-

106 1371 247 1454 νήσουσι
257 1366 336 1445 τους
346 1365 673 1452 ἀποψηφισαμένους.
705 1375 738 1433 τί
748 1359 937 1452 οάνέρεῖτε,
961 1361 1061 1433 ἀάν-

107 1473 181 1552 δρες
191 1465 376 1551 Ἀθηναῖοι,
391 1471 421 1532 εί
431 1466 606 1550 προέμενοι
617 1464 696 1543 τούς
706 1465 830 1551 νόμους
841 1471 938 1546 ἀξίως
957 1472 1062 1543 ποίοις

106 1563 295 1651 προσώποις
316 1559 338 1650 ή
359 1569 446 1630 τίσιν
467 1560 655 1648 ὀφθαλμοῖς
676 1560 759 1647 πρὸς
775 1565 916 1630 ἕκαστον
932 1565 1062 1632 τούτων

63 1684 98 1737 99
107 1662 330 1750 ἀντιβλέψετες
353 1671 422 1739 πῶς
439 1660 472 1730 δ’
488 1668 534 1740 είς
550 1659 586 1729 τὸ
601 1668 755 1751 μητρῷον
766 1666 952 1749 βαδιεῖσθε,
977 1661 1060 1730 ἀντι

105 1762 288 1848 βούλησθε;
310 1760 351 1828 οὐ
369 1759 434 1847 γάρ
452 1761 560 1845 δήπου
577 1757 623 1840 εἷς
639 1759 719 1828 καθ’
740 1762 799 1827 ἕνα
816 1759 913 1847 ὑμῶν
923 1764 1059 1840 ἕκαστος

105 1859 216 1946 ὥσπερ
227 1862 281 1928 έπλ
290 1866 428 1946 κυρίους
438 1858 516 1938 τούς
527 1858 653 1946 νόμους
664 1861 878 1948 πορεύσεται,
898 1868 928 1929 εί
937 1869 1002 1929 νῦν
1014 1859 1057 1946 μή

104 1958 344 2044 βεβαιώσαντες
356 1956 479 2037 αὐτοὺς
489 1965 570 2038 ἔξιτε
581 1958 723 2039 ἅπαντες
734 1969 839 2049 κοινῇ.
863 1969 932 2039 πῶς
944 1961 979 2028 δὲ
990 1974 1060 2037 ταῖς

104 2064 300 2142 νουμηνίαις
322 2063 367 2136 είς
387 2054 450 2143 τήν
472 2055 654 2142 ἀκρόπολιν
672 2056 908 2145 ἀναβαίνοντες
925 2058 1058 2142 τάγαθά

103 2164 144 2242 τῇ
162 2156 256 2222 πόλει
272 2155 403 2222 διδόναι
419 2158 474 2221 καὶ
490 2157 625 2234 ἕκαστος
644 2159 750 2246 ἑαυτῷ
765 2173 834 2234 τοῖς
855 2167 948 2234 θεοῖς
965 2157 1120 2236 siffis-80⁰

104 2279 173 2337 ται,
196 2252 278 2319 ὅταν
297 2251 393 2330 όντος
411 2253 535 2318 τούτου
553 2256 621 2319 ε’κεῖ
634 2255 690 2320 καλ
707 2261 768 2321 τοῦ
786 2252 936 2335 ἀδελφοῦ
954 2251 1058 2320 αὐτοῦ

104 2359 166 2416 τοῦ
182 2357 326 2435 χρηστοῦ
344 2347 504 2417 τάναντιά
522 2365 589 2428 τοῖς
607 2348 719 2434 ὅρκοις
730 2354 785 2418 καὶ
796 2365 864 2429 τοῖς
876 2353 944 2418 ἐκεῖ
951 2351 1060 2437 γράμ-

47 2475 96 2527 100
104 2469 204 2533 μασιν
215 2447 396 2530 ἐγνωκότες
405 2441 479 2534 ήτε;
500 2443 523 2534 ή
533 2454 567 2515 τί
575 2451 690 2533 ἐρεῖτε,
710 2441 737 2517 ἀ
748 2447 867 2533 ἀνδρες
875 2446 1058 2535 Ἀθηναῖοι,

103 2553 137 2612 τί
150 2548 267 2631 ε’ρεῖτε,
291 2544 334 2614 ἀν
349 2573 397 2624 τις
414 2544 500 2632 ὑμᾶς
511 2550 617 2636 ἐρωτᾷ
627 2554 791 2632 γνωρίσας
801 2547 879 2627 τούς
890 2547 1059 2634 ἀπεψηφι-

103 2648 259 2730 σμένους;
279 2653 315 2713 τί
330 2645 468 2731 φήσετες
491 2642 643 2730 ἀρέσκειν
659 2653 781 2714 τοῦτον
796 2644 893 2732 ὑμῖν;
915 2650 970 2714 καὶ
980 2644 1057 2724 τίςὸ

102 2752 200 2811 τοῦτο
212 2745 388 2829 τολμήσων
399 2751 517 2825 είπεῖν;
528 2752 576 2824 τίς
587 2743 604 2814 ὁ
617 2754 674 2832 τῆς
683 2745 805 2813 τούτου
817 2752 977 2831 πονηρίας
985 2742 1056 2830 μετ’

103 2841 185 2925 ἀρεῖς
197 2845 251 2911 καὶ
263 2853 365 2931 κακῆς
377 2843 473 2930 δόξης
481 2853 698 2932 κληρονομεῖν
707 2845 968 2932 βουλησόμενος;
980 2840 1057 2912 ἀλλ’

103 2939 165 3007 οὐκ
183 2939 283 3019 αὐτὸς
299 2944 435 3022 ἕκαστος
452 2943 745 3031 ἀποψηφίσασθαι;
768 2943 895 3012 οὐκοῦν
912 2944 1057 3029 καταρά-

104 3049 204 3106 σεσθε
216 3053 284 3117 τοῖς
295 3037 619 3128 ἀποψηφισαμένοις,
636 3051 734 3110 τοῦτο
746 3042 783 3110 τὰ
795 3041 912 3110 πιστόν
923 3044 1058 3118 ἕκαστος

47 3157 93 3206 101
103 3136 216 3214 διδοὺς
234 3135 278 3214 ὡς
296 3136 358 3207 οάκ
370 3139 471 3219 αάτός
482 3133 580 3219 οὗτός
591 3145 668 3209 ἐστι.
702 3143 757 3209 καλ
767 3147 801 3206 τί
809 3147 861 3208 δεῖ
868 3147 972 3207 ταῦτα
981 3164 1058 3206 ποι-

103 3253 169 3321 εῖν,
192 3236 266 3317 ἐξόν
286 3235 447 3325 εὐφημεῖν
463 3243 517 3308 καλ
535 3239 683 3317 ἅπαντας
693 3238 797 3306 ἅπασι
807 3239 913 3305 πόντα
924 3235 1056 3322 τάγαθά

101 3441 217 3516 ναίους
234 3433 383 3515 ἀπαντας
400 3434 497 3523 ὑμῖν,
520 3437 704 3525 προσθήσω
725 3436 832 3504 δὲκαὶ
849 3433 927 3514 τούς
942 3439 1060 3514 ξένους
