2370 3854
358 228 497 288 ΠΡΟΣ
513 227 741 287 ΑΦΟΒΟΝ.
964 224 1027 288 341

74 391 206 460 σούτων
215 399 399 478 τεκμηρίων
408 388 675 472 ἐπιδεικνύμενος
683 384 734 453 ὅτι
744 403 954 471 συκοφαντεῖ,
962 403 1031 468 τοῖς

75 489 136 576 μὲν
146 489 250 557 αὑτοῦ
259 490 422 577 μάρτυσιν
432 485 516 566 ἀξιοῖ
525 485 691 552 πιστεύειν
699 484 795 570 ὑμᾶς,
803 484 919 564 τοδςδ
932 486 1030 573 ἐμοὺς

77 588 244 676 διαβάλλει
261 593 319 655 καί
335 606 438 672 φησιν
449 582 632 671 οὐτᾶληθῆ
642 598 831 668 μαρτυρεῖν.
866 585 1031 671 βούλομαι

76 686 116 772 δὴ
127 689 182 754 καὶ
193 691 229 753 ἐκ
242 694 310 752 τῶν
323 683 461 752 εἰκότων
471 685 546 767 περὶ
558 682 671 749 αὐτοῖν
682 689 794 750 εἰπεῖν.
827 680 891 750 οἶδ’
905 676 968 750 οὖν
979 684 1031 750 ὅτι

75 786 196 863 πάντες
212 783 255 851 δν
272 781 509 869 ὁμολογήσαιτε
519 780 598 859 τοὺς
608 808 648 848 τα
637 780 766 867 ψευδῆ
778 791 1036 867 μαρτυροῦντας·

74 910 94 967 η
82 880 237 966 Ἃκέρδεσι
250 877 318 948 δί’
300 887 443 963 απορίαν
454 883 721 966 ἐπαιρομένουςη
710 876 804 948 ’“”δι
787 878 963 966 εταιρίανῆ
975 883 1030 948 καὶ

76 979 120 1047 δι’
140 988 266 1066 ἔχθραν
283 987 350 1062 τῶν
367 978 544 1048 ἀντιδίκων
555 976 718 1048 ἐθέλειν”
695 1007 738 1047 αν
748 1007 779 1047 τι
791 987 944 1047 τοιοῦτον
955 1004 1030 1047 ποι-

31 1088 95 1144 23
74 1102 161 1165 ησαι.
185 1078 313 1147 τούτων
323 1087 439 1147 τοίνυν
451 1076 530 1146 οὐδὲ
540 1077 588 1145 δι’
599 1075 670 1145 ἓν”
648 1107 691 1146 αν
702 1078 769 1146 εἶεν
779 1081 850 1164 ἐμοὶ
861 1104 1030 1166 μεμαρτυ-

76 1178 226 1262 ρηκότες·
244 1176 398 1263 οὔτεγὰρ
411 1179 550 1263 ἑταιρία
562 1185 631 1254 πῶς
642 1175 718 1262 γὰρ,
731 1182 809 1262 οἵγε
820 1180 901 1264 μήτε
911 1182 949 1247 ἐν
962 1194 1031 1256 ταῖς

76 1275 190 1354 αὐταῖς
201 1282 379 1363 διατριβαῖς
389 1274 469 1359 μήτε
481 1272 563 1340 καθ’
575 1271 722 1359 ἡλικίαν,
741 1274 785 1359 μὴ
797 1273 848 1343 ὅτι
862 1279 936 1361 ἐμοί
944 1301 1031 1353 τινες

76 1372 197 1458 αὐτῶν,
211 1371 284 1441 ἀλλ’
297 1371 374 1440 οὐδὲ
386 1379 500 1457 σφίσιν
512 1369 623 1449 αὐτοῖς
634 1378 734 1452 είσίν;
748 1371 820 1439 οὔτ’
835 1380 938 1460 ἔχθρᾳ
950 1376 1031 1440 τοό-

75 1499 151 1538 του·
175 1470 325 1557 φανερόν
335 1471 400 1556 γὰρ
411 1473 465 1539 καλ
476 1468 568 1538 τοῦτ’
581 1474 684 1539 ἐστίν·
707 1468 725 1537 ὁ
739 1469 876 1557 μὲνγὰρ
888 1469 1031 1556 ἄδελφδς

76 1573 131 1638 καί
149 1572 320 1656 σύνδικος,
344 1577 456 1649 Φᾶνος
472 1570 506 1637 δ’
526 1570 706 1656 ἐπιτήδειος
718 1574 774 1638 καὶ
785 1573 945 1657 φυλέτης,
969 1578 1032 1637 Φί-

76 1679 196 1747 λιππος
213 1667 245 1737 δ’
264 1668 340 1737 οὔτε
357 1677 452 1754 φίλος
469 1666 542 1736 οὔτ’
563 1667 698 1756 ἐχθρός,
723 1667 800 1736 ὥστ’
821 1666 898 1738 οὐδὲ
908 1668 1031 1754 ταύτην

33 1767 119 1835 νεόίν
136 1795 183 1846 τις
200 1772 368 1853 ἐπενέγκοι
387 1773 517 1846 δικαίως
528 1766 589 1853 τὴν
600 1773 716 1835 αἰτίαν.
750 1771 804 1835 καὶ
816 1765 883 1854 μὴν
895 1765 974 1834 οὐδὲ
986 1763 1030 1834 δι’

77 1865 219 1951 οἷπορίαν
241 1868 284 1933 ἄν
302 1894 349 1945 τις
364 1866 494 1952 φήσειε·
517 1865 637 1946 πάντες
653 1864 717 1952 γὰρ
728 1870 900 1953 κέκτηνται
910 1866 1032 1934 τοσαύ-

76 1992 138 2050 την
156 1963 273 2032 οὐσίαν
290 1965 375 2033 όίστε
389 1968 446 2046 καὶ
462 1974 665 2053 λειτουργεῖν
681 1961 761 2051 ὑμῖν
777 1965 960 2052 προθύμως
977 1968 1032 2032 καὶ

77 2063 117 2130 τδι
129 2065 397 2150 προσταττόμενα
409 2078 524 2131 ποιεῖν.
545 2067 643 2151 χωρὶς
654 2064 689 2132 δὲ
700 2064 830 2131 τούτων
841 2062 907 2132 οὔτ’
920 2064 1032 2146 ἀγνῶ-

77 2188 129 2240 τες
146 2159 226 2246 ὑμῖν
244 2159 315 2227 οὔτ’
336 2164 388 2228 ἐπὶ
399 2159 439 2228 τδι
453 2168 552 2246 χείρω
561 2162 838 2247 γιγνωσκόμενοι,
860 2166 987 2247 μέτριοι
999 2159 1031 2228 δ’

78 2260 172 2336 ὅντες
193 2258 377 2343 ἄνθρωποι.
411 2267 517 2326 καίτοι
538 2267 568 2327 εί
585 2258 662 2345 μήτ’
684 2258 805 2342 όίποροι
821 2259 896 2346 μήτ’
920 2262 1034 2346 ἐχθροὶ

79 2357 201 2425 τούτου
218 2358 282 2443 μήτ
285 2355 386 2443 ’ἐμοὶ
398 2365 506 2442 φίλοι,
529 2381 599 2436 πως
610 2357 671 2444 χρὴ
683 2355 766 2424 κατὰ
777 2357 907 2425 τούτων
919 2365 1034 2444 λαβεῖν
1043 2370 1095 2422 852

78 2483 131 2523 τιν
135 2453 352 2536 ’νποψίαυ“
330 2481 373 2533 ως
389 2483 429 2523 τα
417 2453 550 2542 ψευδη
560 2463 803 2543 μαρτυρουσιν
823 2458 886 2541 ἐγω
898 2455 1007 2542 μὲν
969 2483 1033 2543 γαρ

80 2581 142 2622 ουκ
154 2554 236 2623 οἰδα

35 2688 70 2739 25
166 2663 277 2723 Ταῦτα
294 2663 410 2724 τοίνυν
428 2647 526 2733 οὗτος
543 2652 654 2741 είδώς,
677 2657 732 2723 καὶ
743 2655 880 2722 πάντων
890 2655 1031 2742 μάλιστα

80 2753 295 2838 ἐπιπτόμενος
315 2753 449 2840 τάληθῆ
469 2754 760 2842 μεμαρτυρηκότας
782 2752 920 2840 αὐτοὺς,
943 2753 1032 2840 ὅμως

80 2867 285 2935 συκοφαντεῖ
299 2880 353 2920 και
343 2855 474 2939 φησὶν
491 2851 532 2920 οὐ
550 2855 657 2940 μόνον
674 2851 736 2921 οὐκ
755 2859 990 2939 είπεῖνταύτα,
1012 2847 1034 2921 δι’

80 2955 149 3026 πῶς
159 2975 226 3026 τις
218 2945 262 3015 δν
272 2959 398 3034 μᾶλλον
409 2955 602 3037 ίξελεγξειεν
613 2953 781 3038 εἰρηκότας
793 2950 875 3020 ἀλλὰ
886 2980 941 3019 και
930 2954 1034 3018 δού-

81 3057 141 3115 λον
160 3045 244 3114 εἶναι
264 3048 324 3114 τδν
347 3049 531 3134 ἄνθρωπον
551 3059 599 3138 τςό
619 3050 699 3117 όντι.
731 3052 894 3137 βούλομαι
919 3050 954 3118 δὲ
980 3048 1034 3117 διδ

80 3149 231 3232 βραχέων
248 3145 352 3215 είπών
369 3148 452 3234 πρὸς
468 3146 555 3234 ὑμᾶς
572 3151 732 3231 ἐξελέγξαι
747 3149 802 3215 καί
819 3144 912 3214 ταῦτ’
931 3144 1034 3214 αὐτόν

81 3245 299 3330 ψευδόμενον.
328 3247 392 3330 ἐγὼ
413 3247 494 3334 γὰρ,
518 3241 682 3329 οἷόνδρες
700 3250 864 3329 δικασταὶ,
888 3247 1035 3330 καὶπερὶ

80 3346 207 3411 τούτων
235 3339 385 3429 ἠθέλησα
410 3345 517 3436 τούτῳ
538 3350 747 3430 παραδοῦναι
768 3350 955 3430 βασανίζειν
976 3342 1035 3423 τὰς

79 3451 300 3528 θεραπαίνας,
325 3449 361 3510 αἳ
381 3451 599 3525 τελευτῶντος
619 3450 680 3512 τοῦ
704 3442 827 3532 πατρός
844 3445 1035 3530 μνημονεύ-
