2370 3854
278 204 421 269 RATA
445 203 839 268 ΤΙΜΟΚΡΑΤΟΤΣ.
977 204 1053 271 251'

85 367 218 432 τουτονὶ
233 366 366 454 λάβετε,
388 368 494 455 ἐκεῖνο
510 360 593 450 πρός
609 363 738 442 τούτοις
755 362 879 433 ἅπασιν
890 367 1041 454 ἐνθυμη-
1057 368 1061 379 ’

85 465 211 546 θέντες,
224 469 258 530 τί
265 460 340 531 ποτ’
354 458 398 529 άν
409 462 551 530 ἐπάθετε
564 458 764 529 ὑπὸτούτου
775 459 890 547 αὐτοῦ,
902 469 934 531 εἰ
942 457 1041 545 οὐτος

85 557 130 650 εἷς
142 556 191 628 όν
200 565 400 649 ἐπρέσβευεν
411 557 495 647 ὑπὲρ
506 557 611 645 ὐμῶν.
641 557 731 646 οἶμαι
740 557 803 645 γάρ
813 569 968 630 τοιοῦτον
979 561 1041 631 οὐ-

84 663 141 727 δὲν
152 658 236 727 εἶναι
247 658 328 728 ότου
339 655 384 726 άν
394 655 560 744 άπέσχετο.
585 654 682 741 ὁρᾶτε
694 657 729 726 δὲ
741 655 803 744 τὴν
814 658 966 728 διάνοιαν
977 659 1041 728 αὐ-

82 769 144 828 τοῦ
152 786 159 798 ·
181 757 274 846 ὁγὰρ
288 759 401 845 νόμος,
413 755 453 826 όν
464 760 622 844 ἐτόλμησε
632 766 758 841 θεῖναι,
769 757 828 825 τόν
839 757 966 844 τρόπον
977 759 1041 825 αὐ·

83 867 145 926 τοῦ
158 863 336 927 δείκνυσιν.

25 961 73 1016 139
166 957 336 1043 Βούλομαι
347 957 379 1024 δ’
392 951 489 1042 ὑμῖν,
503 948 661 1042 ύάνδρες
673 958 838 1040 δικασταὶ,
852 960 888 1025 ἐν
897 963 1039 1042 Λοκροῖς

83 1055 127 1134 ὡς
137 1064 361 1142 νομοθετοῦσι
373 1053 611 1141 διηγήσασθαι·
635 1053 736 1123 οὐδὲν
749 1055 814 1142 γὰρ
824 1062 954 1142 χείρους
966 1061 1038 1124 ἔσε-

82 1165 146 1222 σθε
163 1155 373 1241 παράδειγμά
388 1182 420 1222 τι
438 1153 632 1239 άκηκοότες,
655 1153 763 1232 άλλως
781 1180 816 1222 τε
833 1157 888 1222 καλ
905 1146 1098 1244 findam

82 1251 310 1339 εὐνομουμένη
329 1261 453 1338 χρῆται.
485 1249 623 1334 ἐκεῖνάρ
636 1249 743 1328 οὕτως
753 1261 879 1320 οἴονται
890 1257 961 1320 δεῖν
971 1266 1038 1331 τοῖς

81 1351 183 1418 πάλαι
200 1353 361 1435 κειμένοις
379 1357 525 1436 χρῆσθαι
540 1348 654 1440 νόμοις
671 1347 781 1416 καὶτὰ
802 1349 924 1435 πάτριοι
944 1375 1037 1434 περι-

83 1453 228 1515 στέλλειν
239 1448 348 1534 καὶμὴ
361 1447 444 1533 πρός
454 1445 512 1526 τάς
523 1447 698 1535 βουλήσεις
707 1447 790 1533 μηδὲ
801 1444 885 1531 πρὸς
895 1445 952 1525 τὰς
964 1450 1037 1514 δια-

83 1548 195 1625 δύσεις
211 1555 279 1614 τοῖν
294 1544 506 1633 ἀδικημάτων
522 1554 797 1633 νομοθετεῖσθαι,
820 1542 899 1612 ὥστ’
918 1544 978 1612 ἐάν
988 1571 1037 1623 τις

81 1647 241 1733 βούληται
258 1645 364 1733 νόμον
374 1643 493 1713 καινόν
502 1647 649 1732 τιθέναι,
672 1648 710 1712 ἐν
720 1643 830 1731 βρόχῳ
841 1642 902 1710 τόν
913 1643 1037 1729 τράχη-

82 1754 143 1812 λον
159 1749 243 1830 ἔχων
259 1755 451 1831 νομοθετεῖ,
474 1746 529 1811 καὶ
545 1740 604 1811 ἐάν
614 1741 676 1828 μὲν
686 1741 766 1830 δόξη
776 1738 878 1819 καλός
888 1743 944 1808 καλ
953 1741 1036 1826 χρη-

81 1864 175 1928 σιμος
186 1842 270 1911 εἶναι
281 1840 299 1912 ὁ
312 1842 427 1929 νόμος,
441 1848 477 1930 ζῇ
488 1839 506 1911 ὁ
518 1843 621 1920 τιθεὶς
631 1841 685 1908 καὶ
696 1837 879 1926 ἀπέρχεται,
892 1844 922 1907 εἰ
932 1839 968 1908 δὲ
978 1839 1034 1926 μὴ,

25 1942 244 2026 ιςοτέθνηκεν
255 1941 516 2018 ἐπισπασθέντος
527 1944 587 2006 τοῦ
597 1937 731 2026 βρόχου.
759 1938 814 2006 καλ
824 1937 889 2023 γάρ
899 1961 951 2005 τοι
961 1963 1036 2004 και-

81 2038 162 2116 νούς
179 2039 241 2125 μὲν
257 2037 299 2105 οὐ
314 2045 457 2124 τολμῶσι
474 2042 630 2105 τίθεσθαι
646 2034 787 2123 νόμους,
810 2051 877 2115 τοῖς
888 2036 923 2105 δὲ
934 2035 1036 2103 πάλαι

81 2139 242 2221 κειμένοις
253 2133 397 2220 άκριβῶς
408 2141 561 2219 χροῐνται.
583 2135 620 2200 ε’ν
630 2140 764 2210 πολλοῖς
774 2132 808 2200 δὲ
817 2133 908 2199 πάνυ
918 2138 1035 2215 ἔτεσιν,

82 2227 240 2315 ύάνὸρες
251 2233 418 2314 δικασταὶ,
437 2228 482 2308 εἷς
493 2234 620 2314 λέγεται
631 2227 709 2308 παρ’
725 2228 837 2308 αὐτοῖς
847 2230 951 2314 νόμος
961 2256 1036 2296 και-

82 2329 141 2407 νός
152 2336 301 2414 τεθῆναι.
324 2326 421 2405 όντος
431 2325 496 2414 γάρ
508 2324 632 2394 αὐτόθι
642 2327 760 2413 νόμου,
773 2326 833 2392 ἐάν
843 2353 891 2404 τις
901 2323 1036 2412 ὀφθαλ-

81 2426 146 2514 μόν
164 2425 306 2512 ἐκκόψη,
331 2421 533 2506 ἀντεκκόψαι
549 2439 729 2509 παρασχεῖν
745 2421 807 2491 τόν
821 2425 957 2510 ἑαυτοῦ,
981 2426 1037 2493 καὶ

81 2524 123 2594 οὐ
138 2523 316 2613 χρημάτων
335 2522 495 2610 τιμήσεως
507 2520 677 2608 οὐδεμιᾶς,
700 2520 877 2609 άπειλησαί
885 2548 934 2602 τις
944 2525 1036 2609 λέχε-

81 2652 134 2694 ται
150 2621 269 2711 ἐχθρός
287 2627 400 2713 ἐχθρῷ
416 2623 476 2690 ἕνα
492 2628 599 2709 ἔχοντι
611 2619 791 2708 ὀφθαλμόν
802 2617 854 2689 ὅτι
864 2617 970 2688 αὐτού
981 2624 1037 2688 ἐκ·
1152 2650 1154 2655 ·

25 2739 70 2795 141
81 2726 178 2805 κόψει
195 2731 316 2793 τοῦτον
331 2722 393 2791 τόν
405 2722 475 2790 ἕνα.
506 2726 686 2809 γενομένης
697 2721 732 2790 δὲ
742 2720 863 2806 ταύτης
873 2726 930 2805 τῆς
941 2717 1036 2787 άπει-

83 2818 763 2908 λῆςχαλεπώςἐνεχκύνὸότερόφθαλμος,
786 2821 840 2887 καλ
850 2816 1036 2906 ἡγούμενος

83 2919 226 3006 άβίωτον
242 2918 334 3010 αὐτῷ
353 2919 439 2989 εἶναι
458 2918 520 2989 τὸν
539 2927 615 3009 βίον
637 2928 735 2988 τοῦτο
759 2918 921 3001 παθόντι,
943 2921 1037 3000 λέχε-

83 3045 136 3086 ται
154 3026 314 3104 τολμῆσαι
330 3019 436 3106 νόμον
454 3024 675 3103 εἰσενεγκεῖν,
688 3017 748 3085 ἐάν
765 3042 813 3094 τις
829 3016 888 3082 ἕνα
905 3019 1037 3100 ἔχοντος

83 3113 264 3202 ὀφθαλμόν
275 3116 417 3207 ἐκκόψη,
439 3115 541 3203 άμφω
552 3113 755 3196 άντεκκόψαι
767 3126 962 3200 παρασχεῖν,
981 3116 1037 3180 ἵνα

82 3224 123 3303 τῇ
135 3224 190 3302 ἴση
202 3223 361 3304 συμφορᾷ
371 3213 553 3303 ἀμφότεροι
563 3223 715 3302 χρῶνται.
734 3216 790 3282 καλ
800 3220 921 3281 τοῦτον
931 3212 1038 3298 μόνον

83 3316 236 3399 λέγονται
246 3315 371 3397 Λοκροὶ
386 3316 512 3382 θέσθαι
526 3311 587 3381 τόν
603 3312 710 3399 νόμον
726 3314 762 3378 ἐν
779 3317 874 3379 πλεῖν
890 3305 1038 3397 ἢύιακο-

25 3433 73 3485 λιν
85 3418 168 3492 σιὀις
180 3418 293 3481 ἔτεσιν.
329 3415 363 3479 oi
378 3411 414 3480 δὲ
423 3410 502 3494 παρ’
516 3410 594 3499 ἡμῖν
604 3410 754 3500 ῥήτορες,
776 3401 934 3496 τόάνδρες
945 3413 1040 3476 δικα-
