2370 3854
130 165 195 241 ωε,
318 166 439 222 xxxw.
463 110 878 228 ΔΗΜοεοεαονν

127 332 285 412 κιεχιίίοις
297 323 442 409 δραχμάς
452 319 630 391 άποτίνειν.
641 321 684 388 σῦ
696 322 732 390 δὲ
742 330 840 389 τοῦτο
851 320 913 407 μὲν
925 330 983 411 τῆς
992 343 1077 408 συγ-

128 432 259 511 γραφῆς
275 421 316 505 οῦ
327 420 529 508 .ίαμβάνεις,
544 419 786 511 παρεμβεβηκώς
802 421 835 490 δ’
848 418 954 501 εῦθῦς
968 420 1077 513 ἐξάρ-

126 532 185 611 χῆς
201 523 256 589 καὶ
272 519 312 590 τά
329 518 478 607 χρήματα
496 517 558 588 οῦκ
575 521 753 606 ἐνθέμενος
764 518 1076 611 άμφισβητεζςπρός
1086 548 1126 603 91:

128 626 165 690 ἓν
176 625 265 710 ῥῆμα
275 629 344 689 τῶν
356 623 444 708 ἐντῆ
456 625 652 706 συγγραφῆ,
663 622 718 688 καὶ
728 613 816 687 τοῦτ’
826 617 1002 709 αὐηρηκοὶς
1012 619 1077 689 αῦ-

126 723 190 804 τός.
214 719 314 791 ὁπότε
325 720 398 806 γὰρ
402 720 446 789 ἐν
449 727 496 807 τῷ
507 718 670 806 Βοσπόρῳ
683 717 748 804 φῆς
758 715 803 805 μῆ
821 716 861 786 τά
871 715 1004 807 χρήματ’
1020 722 1057 788 ἐν
1036 745 1077 785 ν-

124 829 251 892 θέσθαι
268 827 315 899 είς
331 818 402 905 τῆν
410 825 514 900 ναῦν,
536 815 621 885 άλλά
634 815 673 884 τό
690 823 870 907 χρυσίον
838 844 884 886 τω
872 817 1074 907 υαυκίῆρφ

125 918 327 1003 ἀποδοῦναι,
343 924 378 984 τί
385 918 568 999 ἐτιπερί
528 942 586 1001 της
596 915 679 994 νεώς
690 918 848 1002 &taurea
868 914 909 985 06
922 914 986 1003 γάρ
996 942 1075 1003 μετ-

81 1037 115 1092 34
126 1020 265 1104 ἔσχηκας
282 1041 343 1082 του
330 1013 523 1082 κινδύνου
540 1011 593 1080 διά
611 1038 648 1081 το
638 1010 763 1100 μηδεν
773 1017 941 1083 ἐνθέσθαι.
969 1014 1069 1083 καὶ
1035 1040 1072 1083 το

126 1115 187 1202 μὲν
198 1121 342 1199 πρῶτον,
355 1139 381 1179 ω
371 1104 530 1198 άνδρες’
525 1110 749 1198 Λθηναϊοι,”
720 1136 875 1199 ωρμησεν
886 1116 939 1183 ἐπὶ
949 1115 1074 1202 ταύτην

125 1212 187 1301 τῆν
197 1221 331 1299 σκῆψιν,
343 1237 386 1289 ιις
396 1208 667 1296 ἐντεθειμένος
632 1237 671 1278 τα
682 1211 830 1298 χρῆμαηα
842 1210 933 1291 είς
897 1239 959 1301 την
969 1221 1072 1281 ναῦν·

125 1312 236 1398 ἐπειδὴ
259 1312 298 1380 δὲ
319 1318 418 1378 τοῦτο
441 1314 476 1377 ἐκ
498 1317 633 1377 πολλῶν
657 1315 794 1396 ἔμελλεν
813 1310 1073 1398 ἐλεγχθήσεσθαι

125 1411 345 1497 ψευδόμενος,
364 1413 405 1477 ,ἐκ
425 1435 460 1476 τε
482 1417 539 1495 τῆς
561 1405 759 1494 ἀπογραφῆς
782 1414 839 1496 τῆς
856 1411 893 1477 ἐν
909 1408 1071 1501 Βοσπόρφ

125 1512 215 1597 παρὰ
231 1526 298 1589 τοῖς
318 1513 553 1594 ἐλλιμενισταῖς
569 1509 624 1574 καὶ
640 1503 706 1574 ὑπό
725 1514 794 1574 τῶν
810 1510 848 1574 ἐν
863 1515 909 1597 τῷ
927 1510 1071 1599 ἐμπορίῳ

124 1606 376 1694 ἐπιδημούντων
386 1606 469 1674 κατά
479 1602 540 1673 τόν
550 1604 655 1673 αὐτόν
665 1604 803 1691 χρόνον,
821 1613 1002 1692 τηνικαῦτα
1012 1634 1073 1693 με·

124 1706 368 1794 ταβαλλόμευος
380 1709 571 1773 συνίσταται
588 1705 669 1790 μετά
686 1711 746 1771 τοῦ
755 1702 929 1789 Λάμπιδος
939 1707 994 1773 καὶ
1005 1731 1073 1791 φη-

81 1826 115 1881 35
125 1810 179 1874 σὶν
188 1811 302 1893 ἐκείνω
313 1803 350 1872 τό
361 1811 500 1889 χρυσίον
510 1801 773 1889 ἀποδεδωκέναι,
793 1802 930 1888 ἐφόδιον
940 1802 1072 1889 μένία-

124 1902 240 1990 βάν
207 1930 244 1972 το
256 1904 318 1989 τῆν
329 1900 529 1988 συγγραφὴν
540 1902 700 1987 κελεύειν,
712 1899 774 1969 οῦκ
787 1898 830 1969 άν
841 1926 1024 1988 ηγουμενος
1035 1899 1067 1968 δ

123 1999 210 2098 ῆμάς
228 1997 378 2083 εὐπόρως
393 1997 591 2085 ἐξελέγξαι’
570 2020 633 2068 οσα
649 1999 746 2088 μόνοι
758 1999 846 2085 πρός
868 1996 991 2079 αὐτοῦς
1008 1999 1071 2068 αό-

123 2094 174 2169 τοὶ
191 2100 364 2222 πράξειαν.
392 2097 482 2167 καὶ
466 2126 484 2166 ο
501 2098 685 2187 Λάμπις,
673 2097 735 2168 όσα
752 2104 813 2187 μὲν
832 2100 900 2169 είπε
916 2098 1001 2184 πρός
1016 2099 1071 2186 ἐμὲ

124 2202 204 2286 πρὶν
219 2197 285 2268 ῦπό
302 2200 425 2268 τούτου
442 2205 688 2321 διαφθαρῆναι,
712 2199 773 2268 οὐκ
791 2197 928 2280 ἐντός
902 2227 950 2267 ων
967 2197 1071 2267 αὑτοῦ

124 2320 228 2385 φησιν
240 2303 359 2368 εἰπεῖν·
381 2298 492 2387 ἐπειδὴ
506 2300 586 2368 δέ
552 2326 588 2367 το
601 2305 741 2386 χρυσίον
750 2297 878 2386 τούμόν
888 2302 1070 2385 ἐμερίσατο,

123 2394 188 2466 τότ’
200 2395 294 2476 ἐντός
310 2397 396 2466 εἷναί
406 2420 509 2485 φησιν
528 2395 634 2465 αὑτοῦ
649 2402 704 2468 καὶ
721 2397 814 2467 πάντ’
826 2397 970 2486 ἀκριβοῦς
986 2425 1071 2486 μνη-

123 2520 289 2582 μονευειν.

76 2617 114 2672 36
209 2601 253 2671 El
261 2592 322 2680 μὲν
333 2587 444 2681 οόν,οέ
452 2593 572 2682 ἄνδρες
582 2598 748 2679 δικασταὶ,
763 2600 845 2680 ἐμοῦ
856 2594 964 2679 μόνον
975 2620 1071 2660 κατε-

95 2741 101 2753 ·
124 2693 243 2779 φρόνει
253 2693 395 2780 Λάμπις,
408 2691 508 2762 οὐδὲν
520 2690 563 2760 άν
573 2688 617 2779 ῆν
626 2691 837 2781 θαυμαστόν·
860 2700 925 2759 νῦν
943 2691 978 2759 δέ
989 2701 1060 2760 πολ·

124 2798 172 2876 λχῦ
191 2790 360 2874 δεινότερα
382 2789 712 2872 τούτου.πε’πρακται
732 2790 822 2882 αὐτῷ
842 2788 925 2877 πρός
947 2791 1069 2870 πάντας

123 2885 219 2973 ὑμᾶς.
242 2886 396 2972 κη’ρυγμα
404 2884 469 2974 γὰρ
480 2893 705 2975 ποιησαμένου
714 2893 925 2975 Παιρισάδου
936 2892 972 2958 ἐν
982 2899 1069 2959 Βοσ-

123 2984 228 3074 πόρφ,
240 2984 300 3054 ε’άν
309 2985 529 3074 τιςβοόίηται
537 2984 696 3077 Ἀθήναζε
708 2997 753 3069 είς
763 2987 800 3058 τό
810 2987 955 3060 Ἀττικόν
965 2990 1069 3076 ἐμπό-

125 3111 200 3169 ριον
210 3099 366 3171 σιτηγεῖν,
385 3084 485 3173 άτείῆ
502 3085 562 3156 τόν
573 3100 666 3158 σίτου
681 3089 826 3176 ἐξάγειν,
848 3093 1017 3178 ἐπιδημεῖν
1033 3091 1069 3157 ἐν

124 3191 171 3274 τῷ
177 3184 340 3272 Βοσπόρῳ
352 3181 370 3253 6
382 3184 513 3273 Λάμπις
523 3188 696 3275 ἐίαβετῆν
714 3187 884 3276 ἐξαγωγὴν
898 3196 960 3257 τοῦ
977 3193 1070 3254 σίτου

123 3285 178 3351 καί
188 3281 250 3369 τῆν
260 3279 412 3357 άτίλειαν
429 3287 481 3353 ἐπὶ
491 3294 539 3375 τῷ
554 3295 612 3375 τῆς
626 3286 753 3366 πόλεως
764 3285 918 3374 ὀνόματι,
936 3292 1068 3373 γεμίσας

124 3380 160 3448 δὲ
170 3391 257 3450 ναῦν
273 3384 422 3471 μεγάλην
439 3392 534 3456 σίτου
549 3386 704 3473 ἐκόμισεν
721 3393 767 3468 είς
779 3386 954 3457 Ἄκανθον
976 3383 1070 3456 κάκεῑ
1079 3405 1126 3461 918
