2370 3854
379 194 520 256 ΠΡΟΣ
538 193 765 254 ΑΦΟΒΟΝ.
985 193 1048 256 335
1104 230 1106 236 ·

96 366 170 444 βου,
183 349 339 442 άάνδρες
352 355 512 439 δικασταί,
520 353 679 441 συνῄδειν
689 360 802 443 πολλῷ
812 353 942 422 τούτων
952 363 1048 440 μείζω

96 457 149 522 καὶ
168 452 328 536 δεινότερ’
345 450 450 520 αὐτοῦ
460 455 673 536 ψευσαμένου
685 453 807 540 ῥᾳδίως
817 453 982 537 ἐξελέγξας
993 448 1047 522 διὰ

96 551 157 639 την
174 551 392 638 περιφάνειαν
408 557 476 618 τῶν
494 548 722 636 ἀδικημάτων,
743 557 939 637 θαυμασίως
950 548 993 619 ι’ίν
1005 550 1048 632 ὡς

96 648 315 736 ηὐλαβούμην
331 646 376 732 μη
395 650 527 714 καίνύν
546 646 588 713 οὐ
600 652 743 733 δυνηθῶ
754 652 857 726 δεῖξαι
882 657 929 734 πῆ
939 676 1048 737 παρα-

96 748 253 834 κρούεταί
267 743 353 813 ποθ’
369 747 490 813 ἕκαστα
507 743 593 832 ὑμᾶς
604 745 724 814 αὐτῶν.
753 747 866 817 νῦνδέ
879 746 944 816 σόν
954 759 1045 829 θεοῖς

96 855 213 930 εἰπεῖν,
236 845 341 928 άνπερ
359 854 425 914 ίσοι
436 848 490 912 καί
501 848 607 914 κοινοί
616 844 756 933 γένησθ’
771 843 865 934 ἡμῶν
876 846 1044 934 ἀκροαταὶ,

95 944 218 1025 πολλάς
234 949 366 1023 ἐλπίδας
382 949 443 1030 ἐγω
461 943 563 1030 μηδὲν
580 937 681 1031 ἧττον
697 943 783 1031 ὑμᾶς
798 945 860 1030 τὴν
877 943 1045 1014 ἀναίδειαν

94 1044 155 1131 την
166 1044 287 1113 τούτου
298 1043 489 1130 γνώσεσθαι
500 1051 568 1110 τῶν
578 1043 742 1128 πρότερον
753 1041 968 1112 δικασάντων.
991 1049 1046 1112 καὶ

94 1141 189 1210 ταῦτ’
213 1149 243 1210 εί
262 1142 324 1228 μὲν
345 1144 446 1209 ἐδεῖτο
468 1138 673 1226 λόγουτινός
693 1135 715 1225 ἢ
737 1149 914 1228 ποικιλίας,
943 1148 1044 1229 ἐγωγε

95 1240 289 1309 κατώκνουν
305 1235 349 1306 άν
365 1237 426 1325 τὴν
439 1242 584 1323 ἐμαυτοῦ
595 1238 888 1323 καταμεμφόμενος
898 1238 1041 1324 ἡλικίαν·

95 1348 160 1408 νῦν
177 1338 208 1407 δ’
227 1336 339 1415 ἁπλῶς
356 1340 408 1404 δεῖ
422 1336 550 1415 διδάξαι
567 1338 623 1403 καὶ
640 1336 864 1422 διηγήσασθαι
880 1335 920 1403 τά
937 1336 1042 1426 τοότφ

94 1438 306 1521 πεπραγμένα
316 1437 390 1521 περί
401 1433 503 1521 ἡμῶν.
526 1437 562 1502 ἐκ
575 1433 611 1503 δὲ
620 1434 749 1502 τούτων
758 1433 848 1520 οἶμαι
856 1444 956 1502 πᾶσιν
964 1433 1043 1520 ὑμῖν
1137 1436 1139 1440 ’

95 1535 284 1621 εὔγνωστον
295 1539 430 1602 ἔσεσθαι
440 1533 579 1618 πότερός
589 1529 666 1600 ποθ’
675 1528 770 1618 ἡμῶν
782 1529 877 1600 ἐσθ’ό
888 1533 1041 1620 πονηρός.

64 1648 81 1700 2
180 1634 262 1703 Οίδα
277 1633 338 1719 μέν
355 1626 419 1700 οὖν
436 1631 488 1701 ότι
504 1630 565 1719 την
583 1637 679 1717 δίκην
696 1623 793 1709 οὗτος
804 1639 910 1717 είληχε
921 1632 1043 1718 ταύτην

95 1732 166 1818 οὐχὶ
177 1741 223 1824 τῷ
233 1729 273 1799 τά
285 1734 393 1817 ψευδῆ
403 1728 466 1798 τιν’
481 1727 585 1797 αὐτοῦ
596 1732 966 1816 καταμεμαρτυρηκέναι
976 1733 1044 1810 ἐξε-

93 1837 218 1917 λε’γξειυ
229 1829 410 1916 πιστεύων,
432 1826 506 1898 ἀλλ’
520 1827 705 1915 ἡγούμενος
716 1824 771 1895 διά
782 1826 819 1895 τὸ
832 1833 972 1913 μέγεθος
982 1837 1044 1896 τοῦ

92 1929 269 2016 τιμήματος
280 1936 337 2017 τῆς
348 1934 456 2016 δίκης,
477 1925 521 2015 ἣν
530 1921 657 2014 εόφλεν,
680 1922 1101 2014 έμοδμὲνάνγενέσθαιδλῡ

91 2026 165 2095 τινά
185 2026 333 2114 φθόνου,
357 2024 446 2116 αὐτῷ
464 2025 497 2093 δ’
509 2032 610 2094 ἐλεον.
644 2030 699 2094 καὶ
718 2026 771 2094 διά
787 2033 890 2094 ταῦτα
902 2029 1043 2112 περὶτῆς

93 2127 311 2212 γεγενημένης
329 2129 420 2209 δίκης
437 2131 503 2191 νῦν
515 2122 742 2209 ἀπολογεῖται,
765 2127 840 2210 περὶ
851 2117 890 2210 ἧς
900 2123 968 2191 τότ’
983 2122 1042 2191 οὐ·

93 2224 150 2292 δέν
161 2229 233 2308 ἔσχε
244 2227 374 2289 δίκαιον
385 2227 497 2288 εἰπεῖν.
530 2219 594 2306 ἐγώ
605 2220 649 2303 δ’,
663 2214 820 2305 οἶάυδρες
832 2223 995 2304 δικασταί,
1014 2227 1045 2288 εί

92 2322 153 2406 μὲν
171 2317 384 2403 ἐπεπράγμην
393 2325 513 2384 τοῦτον
524 2315 585 2402 τὴν
596 2321 693 2403 δίκην
703 2315 725 2404 ἢ
735 2319 839 2404 μηδὲν
848 2317 973 2405 ἤθελον
984 2322 1042 2403 με’-

91 2441 185 2502 τριον
196 2428 397 2501 συγχωρεῖν,
409 2412 549 2500 ἠδίκουν
560 2415 621 2500 μέν
632 2413 707 2483 οὐδ’
721 2413 764 2484 άν
776 2413 897 2500 οὕτως,
910 2416 949 2484 τά
961 2415 1040 2501 παρ’

92 2514 171 2602 ὑμῖν
188 2516 386 2601 γνωσθέντα
402 2514 625 2600 πραττόμενος
636 2511 754 2600 αὐτόν,
779 2513 867 2600 ὅμως
878 2513 911 2581 δ’
924 2509 966 2582 άν
978 2515 1044 2600 εἶχέ

91 2641 139 2692 τις
151 2620 253 2682 είπεῖν
265 2609 309 2691 ὡς
318 2619 393 2680 λίαν
405 2609 501 2698 νόμως
511 2614 565 2680 καί
576 2620 701 2699 πικράς
712 2613 792 2682 όυτα
804 2621 948 2700 συγγενῆ
961 2621 1040 2680 τοῦ·

66 2725 150 2781 3τον
168 2713 203 2778 ἐκ
220 2717 277 2796 τῆς
288 2707 403 2788 οὐσίας
414 2707 542 2796 ἁπάσης
553 2713 742 2798 ἐκβέβληκα.
777 2720 840 2779 νῦν
852 2710 1040 2780 δέτοάναυ-

90 2816 161 2876 τίον
172 2811 268 2875 ἐστίν.
292 2801 389 2886 οὗτος
400 2808 456 2894 ἐμὲ
466 2817 534 2876 τῶν
544 2810 708 2898 πατρρίων
717 2808 875 2878 ἁπάντων
883 2806 963 2896 μἐτά
973 2817 1041 2877 τῶν

92 2905 343 2989 συνεπιτρόπων
357 2903 572 2992 ἀπεστέρηκε,
596 2912 650 2975 καὶ
662 2907 736 2975 οὐδ’
750 2911 787 2975 ἐν
798 2906 877 2993 ὑμῖν
889 2916 1041 2992 φανεροῖς

90 3004 289 3088 ἐξελεγχθεὶς
300 3012 402 3071 οίεται
413 3009 483 3073 δεῖν
495 3003 594 3072 οὐδὲν
604 3014 671 3072 τοῖν
680 3011 823 3090 μετρίων
831 3019 947 3088 ποιεῖν,
957 3002 1039 3071 άλλδι

92 3101 391 3186 διασκευασάμενος
410 3101 472 3188 τὴν
490 3101 623 3187 οὐσίαν,
646 3108 700 3170 καί
717 3102 886 3187 παραδοὺς
902 3103 963 3187 την
979 3100 1040 3186 μὲν

91 3204 383 3288 συνοικίανΑίσίφ,
394 3200 454 3268 τὸν
465 3199 496 3267 δ’
510 3199 615 3286 άγρόν
623 3198 781 3285 Ὀνήτορι,
793 3199 874 3280 πρός
885 3199 946 3284 μέν
956 3201 1041 3266 ἐκεί-

91 3327 170 3379 νους
187 3303 283 3384 δίκην
299 3302 352 3368 καὶ
371 3299 531 3386 πράγματ’
549 3305 636 3385 ἐχειν
652 3298 708 3385 ἐμὲ
728 3302 924 3384 πεποίηκεν,
947 3299 982 3366 ἐκ
1004 3297 1040 3366 δὲ

90 3407 147 3484 τῆς
169 3404 271 3476 οίκίας
289 3395 389 3476 αὐτὸς
415 3393 455 3463 τά
486 3398 589 3484 σκεύη
611 3394 725 3483 λαβών
753 3399 808 3464 καὶ
828 3390 1040 3481 τάνδράποδα
1071 3424 1072 3429 ’
