2370 3854
273 217 416 278 ΚΑΤΑ
442 215 851 280 TIMOKPATOY2.·
971 219 1033 282 217

82 423 91 447 .
102 406 148 448 ων
159 383 295 458 ἐκείνοις
306 391 374 456 τοῖς
383 375 516 462 χρόνοις
527 375 677 463 δραχμὴν
688 375 729 445 ού
741 381 931 466 κατέθηκαν
942 378 1033 469 ὑμῖν,

80 479 174 568 νόμῳ
185 476 217 545 δ’
230 477 280 546 ἑνὶ
291 482 464 555 πλείστους
474 472 553 554 τούς
564 473 775 561 ὑπάρχοντας
785 475 934 562 ἀκύρους
944 482 1035 548 ἐποί·

79 597 181 666 ησαν,
203 580 259 645 καὶ
269 575 376 664 τούτῳ
387 583 455 642 τοῖν
466 574 600 641 πάποτε
611 576 648 642 ἐν
659 570 739 660 ὑμῖν
750 577 919 644 τεθέντων
930 584 1035 665 αίσχί-

80 695 145 765 στω
157 678 212 744 καὶ
224 675 411 762 δεινοτάτω.

39 788 70 844 17
162 773 333 861 Βούλομαι
351 768 391 859 δὴ
404 770 505 858 μικρά
517 772 698 852 διεξελθών
709 775 784 859 περὶ
795 780 863 842 τῶν
873 777 1035 862 κειμένων

77 874 210 961 νόμων,
234 869 314 941 καθ’
334 868 394 951 ούς
406 877 489 939 εἰσιν
500 875 538 940 αί
545 876 668 938 τοιαίδε
677 873 822 958 γραφαὶ,
845 870 1036 960 περὶαύτοῦ

75 980 136 1041 τοῦ
149 973 256 1060 νόμου
268 977 376 1058 λέγειν
387 966 428 1038 δν
437 974 637 1058 γέγραμμαι·
660 969 845 1056 γενήσεσθε
856 969 921 1056 γάρ
933 971 1035 1059 εὐμα-

75 1075 230 1158 θέστεροι
241 1069 325 1156 πρὸς
336 1068 484 1137 τάλοιπά
503 1077 605 1136 ταῦτα
623 1068 903 1153 προακούσαντες.
936 1075 1035 1157 ἔστιν,

78 1164 105 1239 ά
122 1171 242 1258 άνδρες
249 1169 422 1256 Ἀθηναῖοι
428 1219 437 1252 ,
461 1171 499 1237 έν
514 1180 582 1245 τοῖς
599 1159 676 1233 ούσι
694 1167 810 1253 νόμοις
819 1165 899 1254 ἡμῖν
910 1175 1037 1253 κυρίοις

78 1273 278 1356 διωρισμένα
295 1266 441 1352 ἀκριβῶς
457 1268 645 1350 καδσαφοῖς
661 1263 770 1333 πάνθ’
789 1264 852 1334 ὅσα
870 1271 923 1335 δεῖ
930 1282 1036 1336 ποιεῖν
1148 1303 1156 1311 ’

35 1387 68 1441 18
78 1371 152 1454 περὶ
168 1374 237 1435 τῶν
253 1365 444 1453 μελλόντων
461 1361 665 1449 τεθήσεσθαι
677 1364 799 1450 νόμων.
834 1367 890 1432 καὶ
902 1374 1037 1450 πρῶτον

78 1466 140 1552 μὲν
152 1463 311 1532 ἁπάντων
320 1461 440 1549 χρόνος
451 1464 519 1530 ἐστὶ
532 1466 775 1549 γεγραμμένος,
791 1467 828 1532 ἐν
839 1456 1037 1551 ρι’προσήκει

77 1573 289 1650 νομοθετεῖν·
313 1559 372 1630 εἶτ’
392 1559 470 1630 ούδὲ
480 1558 557 1630 τόθ’
574 1559 618 1640 ὡς
629 1558 672 1630 άν
683 1564 808 1651 ἑκάστῳ
820 1569 902 1654 δοκῇ
914 1568 1036 1633 δέδωκε

77 1669 176 1730 τοῦτο
187 1661 354 1747 πράττειν,
367 1657 451 1728 άλλά
465 1659 659 1746 προστάττει
670 1669 804 1746 πρῶτον
815 1663 877 1757 μὲν
888 1665 1036 1731 ἐκθεῖναι

77 1759 227 1845 πρόσθεν
235 1769 303 1827 ταῖν
311 1760 498 1846 ἐπωνύμων
515 1762 690 1845 γράψαντα
708 1776 844 1832 σκοπεῖν
854 1771 902 1852 τῷ
913 1772 1036 1849 βουλο-

77 1863 181 1948 μένῳ,
205 1856 286 1945 μετά
304 1856 400 1927 ταῦτ’
418 1858 471 1927 έπὶ
489 1866 570 1927 πάσι
587 1856 647 1926 τόν
666 1856 770 1928 αύτόν
788 1861 895 1948 νόμον
905 1865 1036 1930 τιθέναι

76 1959 221 2048 κελεύει,
234 1956 318 2045 πρὸς
328 1958 459 2037 τούτοις
470 1957 564 2025 λύειν
574 1956 652 2037 τοὺς
664 1961 851 2045 ἐναντίους,
864 1957 949 2028 άλλα
960 1963 1035 2047 περὶ

77 2050 125 2126 οἷν
137 2057 238 2127 ούδδν
249 2068 328 2137 ίσως
339 2055 425 2143 ύμάς
436 2063 620 2141 κατεπείγει
629 2064 696 2124 νῦν
708 2055 858 2125 άκούσαι.
885 2054 929 2124 άν
941 2062 979 2126 δέ
987 2085 1035 2137 τις

75 2157 206 2224 τούτων
217 2160 255 2223 ἓν
266 2161 418 2241 παραβῇ,
443 2163 490 2243 τῷ
500 2160 695 2244 βουλομένῳ
708 2159 823 2223 δίδωσι
834 2156 1033 2241 γράφεσθαι.

34 2278 66 2331 19
76 2263 106 2324 εἰ
122 2257 184 2341 μὲν
195 2247 258 2322 οὖν
269 2255 312 2340 μὴ
326 2261 428 2319 πᾶσιν
439 2245 485 2338 ἦν
495 2259 608 2338 ἔνοχος
619 2254 750 2332 τούτοις
764 2254 970 2341 Τιμοκράτης
980 2257 1035 2322 καὶ

75 2353 165 2439 παρὰ
178 2350 286 2418 πάντα
298 2347 393 2416 ταῦτ’
409 2350 611 2436 εἰσενηνόχει
621 2350 682 2418 τόν
692 2351 813 2438 νόμον,
826 2356 863 2419 ἓν
873 2347 917 2419 άν
928 2350 1034 2421 αύτοῦ

75 2479 123 2531 τις
135 2455 275 2520 ἐποιεῖτο
288 2445 519 2536 κατηγόρημα,
531 2447 552 2518 ὅ
562 2476 594 2517 τι
606 2448 728 2537 δήποτε
739 2448 829 2518 τοῦτ’
844 2443 901 2536 ἦν·
922 2459 988 2519 νῦν
999 2455 1033 2518 δ’

76 2551 205 2636 άνάγκη
224 2547 305 2617 καθ’
323 2550 465 2616 ἕκαστον
480 2550 579 2635 χωρὶς
595 2551 670 2634 περὶ
687 2549 829 2617 ἑκάστου
841 2551 1035 2637 διελόμενον

77 2653 200 2734 λέγειν.
224 2639 520 2734 πράτονμὲνούν,
533 2645 616 2732 ὅπερ
626 2647 762 2735 ἠδίκησε
773 2656 923 2735 πρῶτον,
946 2642 1034 2716 τοῦτ’
1044 2651 1095 2709 7οδ

77 2752 158 2832 ἐρεῖ,
181 2745 225 2826 ὡς
246 2746 336 2833 παρά
359 2746 486 2825 πάντας
506 2745 584 2826 τούς
600 2747 725 2833 νόμους
740 2749 949 2834 ἐνομοθέτει,
967 2747 1035 2816 εἶτα

76 2845 267 2914 τωνάλλων
279 2847 352 2931 ἑξῆς
369 2843 389 2913 ό
406 2870 437 2912 τι
453 2840 497 2912 άν
517 2849 732 2931 βουλομένοις
749 2843 830 2930 ὑμῖν
847 2843 986 2914 άκούειν
1003 2840 1034 2934 ᾖ.

75 2951 136 3012 καί
143 2971 200 3030 μοι
210 2944 291 3032 λαβέ
301 2947 457 3012 τουτουσί
469 2943 548 3023 τούς
560 2944 683 3030 νόμους
694 2947 750 3012 καὶ
760 2942 950 3029 άνάγνωθι·
968 2970 1035 3029 φα-

76 3046 213 3132 νήσεται
228 3044 294 3130 γάρ
312 3043 442 3112 τούτων
452 3038 554 3110 ούδὲν
565 3043 760 3129 πεποιηκός.
794 3047 985 3127 προσέχετε,
1008 3035 1035 3108 ὦ

76 3142 197 3231 άνδρες
225 3147 392 3227 δικασταὶ,
415 3140 475 3211 τόν
496 3147 582 3209 νοῦν
604 3139 947 3226 ἀναγιγνωσκομένοις
967 3154 1035 3219 τοῖς

77 3243 199 3328 νόμοις.

275 3346 638 3408 ΕΠΙΧΕΙΡΟΤΟΝΙΑ
659 3342 842 3405 ΝΟΜΩΝ.
929 3366 931 3372 ’

31 3461 67 3517 20
204 3437 281 3522 [Ἐπὶ
297 3441 329 3504 δὲ
345 3447 397 3524 τῆς
412 3438 529 3526 πρώτης
544 3442 719 3526 πρυτανείας
734 3444 771 3523 τῇ
787 3433 928 3523 ένδειιότη
945 3435 977 3501 έν
993 3442 1035 3518 w}
