2370 3854
168 184 231 248 344
370 186 466 242 ΧΧΙΧ.
490 180 908 242 ΔΗΜΟΣΘΕΝΟΥΣ

167 349 332 415 ἐπιθεῖναι
343 340 416 410 κατ’
432 343 514 426 ἐμοῦ
525 341 580 406 καὶ
591 346 648 424 τῆς
659 337 820 423 άδελφής,
844 342 1122 425 παραστησαμένη

168 450 282 530 λαβεῖν
301 441 363 528 τήν
384 453 505 526 προῖκα
525 444 647 504 τοῦτον
667 435 728 522 τήν
746 439 863 523 ἑαυτῆς
880 436 962 504 κατά
979 436 1043 524 τήν
1059 441 1120 505 τού

125 540 290 629 διπατρός
308 539 484 625 διαθήκην.
515 537 636 615 ταύτας
651 536 710 614 τάς
729 533 935 622 ὀγδοήκοντα
954 544 1039 620 μνάς
1059 535 1121 603 πό·

167 637 229 722 τερ’
242 637 347 707 αὐτὸν
358 644 444 722 ἔχειν
455 629 605 722 φάμενή
620 634 665 719 μή
673 662 683 714 ;
705 636 760 701 καὶ
773 632 915 719 πότερον
927 633 981 700 διά
999 633 1121 700 τούσδε

167 736 285 824 ὀφλεῖν
294 736 372 814 τούς
380 731 581 822 μάρτυραςή
593 731 646 800 διά
657 732 794 811 τούσδε;
807 728 872 817 ἐγώ
883 732 944 819 μὲν
955 729 1019 817 γάρ
1033 729 1122 816 οἶμαι

168 834 221 904 διά
235 834 297 922 τήν
308 832 481 920 άλήθειαν.
495 832 617 910 ταύτας
628 838 744 899 τοίνυν
756 830 826 898 δέκ’
840 837 894 917 ἔτη
906 832 1120 916 κεκαρπωμέ-

168 960 243 1016 νος,
267 933 322 999 καὶ
345 929 423 999 οὐδὲ
446 935 543 1016 δίκην
564 927 681 1016 όφλτόν
704 927 890 996 άποδούναι
904 927 1120 1016 τετολμηκώς,

168 1027 261 1098 δεινά
273 1032 481 1096 πεπονθέναι
497 1029 579 1114 φησὶ
596 1030 651 1096 καὶ
663 1023 716 1093 διά
734 1026 853 1093 τούσδε
863 1024 942 1104 τούς
952 1027 1125 1113 μάρτυρας

168 1125 368 1215 ὠφληκέναι.
391 1132 498 1194 καίτοι
509 1122 683 1210 τούτωνγ’
704 1123 814 1203 οὐδεὶς
825 1122 929 1192 αὐτόν
942 1129 1028 1209 ἔχειν
1038 1124 1122 1192 ταύ-

167 1226 475 1314 τηνίμαρτύρησεν.

124 1339 157 1392 35
250 1327 335 1408 Περὶ
345 1331 461 1393 τοίνυν
472 1332 529 1410 τής
539 1321 700 1402 ἐκδόσεως
710 1326 765 1391 καὶ
775 1329 843 1391 τεόν
854 1330 1056 1392 κλινοποιῶν
1066 1325 1123 1390 καί

167 1431 229 1491 τοῦ
246 1422 385 1508 σιδήρου
401 1423 455 1489 καὶ
472 1430 534 1489 τοῦ
551 1424 832 1506 καταλειφθέντος
849 1419 930 1507 ἡμῖν
943 1424 1122 1507 ἐλέφαντος

167 1524 296 1607 καὶτῆς
314 1519 452 1609 προικός
468 1528 526 1605 τῆς
548 1519 712 1606 ἀδελφῆς,
733 1516 777 1606 ήν
795 1512 893 1598 οὗτος
913 1529 1123 1605 καθυφεῖκεν

166 1619 249 1708 ὑπὲρ
271 1627 332 1687 τοῦ
354 1621 409 1687 καὶ
429 1615 529 1697 αύτδς
549 1623 635 1703 ἔχειν
659 1617 721 1686 ὅσα
745 1617 900 1705 βούλοιτο
924 1626 993 1687 τῶν
1021 1622 1175 1705 dudm&

166 1717 348 1801 ἀκούσατε,
367 1719 423 1786 καὶ
433 1715 589 1786 σκοπεῖθ’
604 1713 647 1795 ὡς
659 1721 792 1796 δικαίως
802 1714 831 1784 τ’
848 1715 981 1803 άφληκε
992 1718 1047 1783 καὶ
1062 1713 1123 1785 ού-

124 1822 224 1895 36δὲν
243 1811 286 1904 ἦν
307 1816 447 1884 Μιλύαν
467 1818 543 1903 περὶ
561 1815 691 1884 τούτων
707 1817 934 1902 βασανιστέον.
968 1816 1043 1899 περὶ
1060 1814 1123 1900 μὲν

165 1916 229 2002 γάρ
243 1909 292 1983 οἷν
303 1926 530 2002 καθυφεῖκας,
543 1914 644 2000 νόμος
655 1918 738 1998 ἔστι,
753 1914 935 2000 διαρρήδην
947 1909 983 1990 ὃς
994 1912 1123 1980 κελεύει

167 2037 205 2082 σε
220 2012 342 2100 ὁμοίως
356 2011 576 2099 ὀφλισκάνειν
588 2011 698 2096 ὥσπερ
711 2008 754 2080 δν
771 2009 871 2092 αύτδς
883 2018 972 2099 ἕχης·
995 2009 1079 2080 ὥστε
1090 2026 1123 2080 τί

165 2120 210 2204 τῷ
223 2112 315 2205 νόμφ
326 2115 381 2182 καὶ
392 2119 432 2201 τῇ
442 2111 595 2201 βασάνφ;
607 2114 681 2195 περὶ
693 2111 726 2178 δ’
739 2105 783 2177 αὖ
793 2119 850 2197 τής
860 2111 1037 2196 ἐκδόσεως,
1050 2113 1123 2178 ἐπι-

167 2209 431 2298 κοινωνήσαντες
448 2217 494 2301 τῷ
506 2211 631 2299 Ξούθῳ
648 2212 703 2279 καὶ
719 2210 966 2298 διανειμάμενοι
985 2207 1025 2277 τὰ
1040 2210 1122 2297 χρή-

166 2338 251 2398 ματα
262 2314 317 2379 καὶ
329 2307 387 2390 τάς
399 2310 594 2397 συγγραφάς
607 2308 791 2395 ἀνελόντες,
804 2311 858 2377 καὶ
870 2306 978 2376 πάνθ’
990 2306 1031 2375 δν
1042 2307 1122 2391 τρό-

165 2436 231 2476 πον
251 2410 433 2509 ἐβούλεσθε
445 2408 767 2494 κατασκευάσαντες,
798 2409 853 2475 καὶ
868 2411 1123 2493 διαφθείραντες

166 2505 205 2573 τά
218 2505 406 2592 γράμμαθ’,
432 2504 475 2585 ὡς
488 2504 584 2592 ὑμῶν
605 2504 763 2592 ὁΔήμων
780 2505 1035 2592 κατεμαρτύρει,
1059 2530 1122 2591 φε-

123 2623 157 2679 37
167 2610 310 2685 νακίζετε
328 2608 383 2673 καὶ
399 2607 555 2673 τουτουσὶ
574 2605 876 2692 παρακρούσασθαι
894 2610 1023 2691 ζητεῖτε.
1046 2605 1122 2687 περὶ

166 2711 283 2770 τοίνυν
301 2712 369 2770 τοῖν
386 2709 606 2784 κλινοποιῶν,
639 2707 670 2769 εί
690 2700 734 2768 σύ
754 2701 867 2788 λαβών
885 2699 1048 2788 ἀργύριον
1065 2704 1123 2770 καὶ

167 2799 271 2867 πολλά
287 2805 353 2888 ίδῖηι
370 2800 533 2885 κερδάνας
551 2802 602 2868 ἐπὶ
619 2814 686 2879 τοῖς
703 2803 792 2887 ἐμοῖς
809 2805 983 2887 δανείζων,
1009 2797 1051 2868 δν
1065 2803 1122 2869 καὶ

166 2896 244 2977 τούς
258 2897 380 2977 ἄλλους
399 2906 546 2985 προσῆκε
567 2899 727 2985 κωλύειν,
750 2897 807 2967 εἴτ’
826 2897 966 2986 άφανεῖς
982 2907 1122 2986 πεποίη-

167 3023 241 3082 κας,
268 3003 300 3063 τί
315 3016 369 3064 σοι
389 2996 572 3083 ποιήσωσιν
589 3002 625 3066 οί
638 2998 817 3084 μάρτυρες;
831 2996 873 3065 ού
892 2997 957 3086 γὰρ
972 2992 1070 3067 ούτοί
1082 3024 1122 3085 γε

166 3097 458 3185 μεμαρτυρήκασιν
470 3095 515 3176 ὥς
530 3095 708 3184 ὡμολόγεις
721 3099 774 3165 ἐπὶ
785 3111 852 3176 τοῖς
863 3100 951 3185 ἐμοῖς
962 3102 1123 3178 δανείζειν

167 3197 222 3263 καὶ
236 3203 351 3282 λαβεῖν
370 3192 582 3284 τάνδράποδα
601 3194 645 3275 ὡς
659 3193 800 3278 σαυτόν,
821 3193 895 3263 ἀλλ’
912 3200 948 3263 ἐν
964 3201 1010 3285 τῷ
1032 3195 1122 3283 λόγῳ

167 3293 260 3362 τοῦτ’
278 3300 425 3384 ἔγραψας
438 3293 500 3381 σύ,
521 3296 818 3382 κατεμαρτύρησαν
838 3294 873 3362 δὲ
894 3299 929 3362 οἱ
945 3295 1121 3381 μάρτυρες.

107 3387 245 3464 aedua?
250 3391 326 3482 μήν
334 3401 417 3485 περί
422 3421 461 3484 γε
473 3402 534 3464 τού
545 3396 724 3484 ἐλέφαντος
733 3396 788 3462 καὶ
799 3400 860 3462 τοῦ
871 3392 1022 3480 σιδήρου,
1035 3389 1122 3458 πάν·
