2370 3854
316 219 457 281 ΠΡΟΣ
475 216 850 280 ΝΑΤΣΙΜΑΧΟΝ.
997 216 1060 284 461

108 384 164 451 καί
179 379 241 470 τῆν
260 381 428 468 ὀρφανίαν
445 376 649 462 ὀδυρεῖσθαι,
661 375 787 446 καὶτὸν
810 387 867 465 τῆς
884 387 1060 467 ἐπιτροπῆς

108 480 211 568 λόγον
221 485 389 560 διεξιέναι·
412 473 565 542 καὶταύτ’
577 472 663 543 εἶναι
683 478 738 544 καὶ
759 474 888 544 τοιαῦθ’
902 473 951 556 οἷς
962 501 1059 546 πεπι-

64 602 99 653 20
109 579 265 647 στεύκασι
279 578 335 644 καί
352 572 390 642 δι’
404 565 454 641 &v
465 571 552 659 ύμάς
562 574 777 660 ἐξαπατήσειν
789 585 924 644 οἴονται.
945 577 1011 663 ἐγω
1023 579 1059 646 δέ

106 675 144 744 τὸ
156 677 218 762 μὲν
228 682 297 742 τοῖν
307 678 412 741 δικῶν
422 675 565 760 μέχεθος
574 679 644 739 των
659 673 733 741 τότε
751 682 938 760 ληχθεισῶν
948 682 1058 761 μεῖξον

106 773 252 862 ῆχούμαι
273 771 452 858 τεκμῆριον
472 768 553 856 ἡμῖν
573 769 658 838 εἶναι
686 768 732 847 άς
760 774 1016 859 ἐσυκοφαντεῖτο
1039 771 1056 840 ὅ

107 872 214 958 πατὴρ
246 866 268 958 ῆ
290 871 419 948 τούτοις
454 868 498 948 ὥς
521 867 626 937 πολλοὶ
648 867 899 954 άπεστερούντο.
935 869 1059 958 ύχδοῆ-

106 997 208 1038 κοντα
221 970 282 1056 μὲν
291 968 355 1056 γάρ
367 966 496 1038 τάλαντ’
506 974 591 1055 ἔχων
596 972 772 1056 ἐξελέγχειν
788 968 867 1040 οὐδὲ
880 970 926 1050 εἷς
936 967 980 1039 άν
985 978 1058 1054 τρία

106 1067 221 1158 λαβὼν
237 1067 426 1156 άπηλλάχη·
449 1057 620 1136 τοσούτων
636 1069 672 1136 δὲ
688 1071 869 1157 χρημάτων
885 1073 1059 1156 ἐπιτροπῆς

107 1169 259 1257 φεύγων,
279 1169 390 1247 οὐδεὶς
407 1175 496 1236 ἐστιν
507 1166 597 1245 ὅστις
608 1165 671 1234 ούκ
681 1163 726 1234 άν
737 1172 840 1236 ἔδωκε
851 1175 926 1253 τρία
937 1170 1060 1235 τάλαν·
1168 1228 1170 1233 ,

105 1295 155 1356 τα,
167 1269 228 1339 τδν
238 1275 399 1337 κίνδυνον
411 1264 601 1351 ὠνούμενος
612 1269 667 1333 καὶ
679 1264 719 1333 τά
732 1265 833 1352 φύσει
843 1266 917 1335 τότε
928 1267 1059 1347 τούτοις

104 1368 373 1455 πλεονεκτήματα
384 1363 584 1452 ὑπάρχοντα.
619 1367 674 1433 καί
689 1362 755 1450 γάρ
766 1362 912 1451 ὀρφανοὶ
924 1367 980 1433 καί
990 1368 1060 1433 νέοι

105 1467 160 1559 καί
172 1461 283 1533 ὁποῖοί
289 1468 375 1544 τινές
387 1470 471 1532 εἰσιν
488 1463 634 1549 ἀγνῶτες
643 1457 747 1552 ῆσαν·
769 1473 871 1531 ταῦτα
893 1465 929 1533 δὲ
940 1467 1059 1542 πάντες

105 1566 188 1649 φασί
197 1565 352 1651 μεχάλων
362 1568 500 1632 δικαίων
511 1563 638 1651 ίσχύειν
648 1566 750 1632 πλέον
761 1561 835 1648 παρ’
844 1560 934 1651 ύμῖν.

61 1687 93 1739 21
180 1662 251 1732 Ὅτι
272 1670 389 1732 τοίνυν
410 1660 483 1731 οὐδ’
509 1660 701 1748 ἀνάσχοισθ’
722 1657 765 1730 άν
786 1661 900 1730 αύτάν
921 1662 1058 1740 είκύτως

104 1760 205 1830 ούδέν
216 1764 291 1847 περὶ
300 1768 360 1848 τῆς
371 1765 565 1848 ἐπιτροπῆς,
585 1763 641 1830 καί
650 1759 738 1830 τοῦτ’
759 1759 849 1849 οἶμαι
875 1766 1004 1841 δείξειν.
1030 1767 1060 1829 εί

102 1859 167 1947 γάρ
186 1856 229 1938 ὡς
246 1854 371 1928 οἷόντε
388 1857 507 1946 μέγιστ’
520 1858 702 1948 ἠδικῆσθαι
721 1864 793 1947 δοίη
810 1885 859 1939 τις
879 1859 1059 1940 αὐτοῖςκαὶ

103 1963 190 2043 ἐρεῖν
200 1957 331 2028 ἅπαντα
341 1957 471 2046 τάληθῆ
483 1960 698 2047 περὶτούτων
707 1960 794 2044 νυνὶ,
811 1960 918 2028 ἐκεῖνά
928 1957 955 2045 γ’
969 1958 1059 2046 οἶμαι

103 2060 230 2138 πάντας
246 2055 289 2125 άν
306 2056 391 2144 ύμάς
408 2057 625 2145 ὁμολογῆσαι,
648 2058 700 2124 ὅτι
717 2054 824 2123 πολλά
846 2063 1058 2144 συμβέβηκεν

102 2155 288 2242 ἠδικῆσθαί
300 2178 387 2222 τισιν
402 2157 466 2241 ἥδη
479 2163 575 2241 μείζω
592 2165 660 2223 τῶν
678 2161 723 2232 είς
733 2155 881 2239 χρήματα
898 2160 1055 2240 γιγνομέ-

102 2280 173 2319 νων
184 2251 413 2339 άδικημάτων·
434 2256 490 2319 καὶ
506 2254 571 2338 γάρ
589 2251 743 2320 άκούσιοι
760 2251 860 2336 φόνοι
871 2255 927 2320 καὶ
942 2251 1056 2339 ύβρεις

103 2356 148 2428 είς
158 2346 179 2417 ά
190 2348 234 2436 μῆ
253 2353 372 2418 δεῖκαὶ
389 2349 474 2417 άλλα
491 2349 596 2418 πολλά
613 2346 735 2419 τοιαῦτ’
746 2346 1055 2436 άδικῆματαχίχνε-

101 2475 163 2516 ται.
197 2446 265 2516 ἀλλ’
279 2447 368 2534 ὅμως
383 2449 513 2517 τούτων
533 2447 692 2518 ἁπάντων
708 2447 787 2533 ὅρος
804 2450 860 2517 καί
876 2450 971 2530 λύσις
986 2465 1054 2531 τοῖς
1063 2486 1112 2542 991

58 2575 92 2628 χχ
101 2556 251 2617 παθοῦσι
266 2549 417 2614 τέτακται
431 2545 468 2615 τό
486 2551 683 2627 πεισθέντας
705 2547 848 2634 άφεῑναι.
882 2549 937 2616 καὶ
956 2548 1051 2618 τοῦθ’

101 2648 190 2717 οὕτω
211 2645 248 2715 τὸ
271 2651 400 2715 δίκαιον
421 2648 458 2713 ἐν
478 2654 580 2714 πάσιν
601 2647 708 2731 ἰσχύει
726 2644 814 2733 ὥστ’,
834 2643 877 2715 άν
897 2646 983 2714 ἐλάν
1004 2674 1052 2726 τις

101 2745 263 2816 άκουσίου
275 2748 386 2834 φόνου
403 2748 457 2815 καὶ
468 2753 584 2832 σαφῶς
595 2749 755 2827 ἐπιδείξας
771 2744 815 2833 μῆ
828 2747 982 2831 καθαρὸν
992 2775 1053 2834 με-

100 2843 140 2911 τά
157 2845 247 2913 ταῦτ’
267 2851 434 2933 αἰδέσηται
455 2847 510 2914 καὶ
530 2843 616 2934 άφῆ,
639 2843 745 2915 ούκέτ’
764 2850 915 2934 ἐκβαλεῖν
937 2847 1053 2931 κύριος

101 2942 161 3009 τὸν
183 2943 285 3013 αὐτόν
302 2949 400 3014 ἐστιν,
433 2943 492 3013 εἷθ’
507 2942 591 3030 ὑπὲρ
608 2947 670 3031 μὲν
679 2955 786 3031 ψυχῆς
802 2949 856 3014 καί
880 2955 1053 3032 τοδυμεχί·

102 3062 191 3109 στων
204 3041 310 3123 ούτως
325 3045 432 3132 ἰσχύει
448 3047 504 3113 καί
513 3050 605 3132 μένει
615 3043 652 3114 τύ
665 3043 814 3132 άφεῖναι,
827 3043 911 3131 ὑπὲρ
924 3045 960 3113 δέ
971 3073 1052 3132 χρη-

101 3139 215 3226 μάτων
225 3145 280 3209 καὶ
292 3145 478 3211 ἐλαττόνων
488 3145 705 3230 ἐγκλημάτων
718 3143 848 3232 άκυρου
866 3150 975 3226 ἐσται;
985 3173 1052 3231 μη-

102 3246 220 3326 δαμῶς.
249 3241 290 3308 ού
307 3241 370 3328 γάρ
390 3243 473 3330 είμῆ
485 3251 553 3310 τῶν
570 3249 708 3312 δικαίων
719 3242 783 3330 ἐγώ
797 3242 872 3328 παρ’
883 3241 1051 3329 ύμῖντεύκ

101 3346 213 3426 ξομαι,
231 3338 317 3408 τοῦτ’
331 3348 400 3408 ἐστι
411 3343 620 3428 δεινότατον,
641 3340 709 3411 ἀλλ’
724 3349 754 3411 εί
770 3341 904 3428 πράημα
921 3347 1051 3410 δίκαιον

102 3436 290 3524 ὡρισμένον
309 3443 344 3506 ἐκ
356 3445 479 3520 παντὸς
489 3451 551 3509 τού
560 3441 686 3529 χρόνου
699 3449 763 3508 νύν
774 3439 1047 3526 καταλυθήσεται.
