2370 3854
122 246 182 308 166
318 245 413 307 xxm.
452 239 870 302 ΔΗΜΟΣΘΕΝΟΥΣ
944 254 951 265 ·

120 404 279 473 ἁπάντων
296 402 395 487 εἶναι,
420 402 474 469 καλ
493 399 601 469 πάντα
615 408 720 468 ταῦτα
738 405 802 486 ἔχει
817 406 936 479 καλαῖς.
965 406 1074 469 ταῦτα

13 534 22 547 ·
119 509 235 571 τοίνυν
254 500 384 570 ἅπαντα
400 505 536 578 δικαίως
552 498 640 568 οὕτω
657 500 870 582 διορισθέυτα
881 495 949 567 {m}
959 502 1074 581 τιδυέξ

120 600 221 687 ἀρχῆς
237 598 538 686 νομοθετησάντων
554 599 680 685 παρέβη
697 596 839 685 γράφων
854 592 892 667 τό
914 596 1074 687 ψήφισμα

119 698 242 768 οὑτοσί.
273 697 454 783 ταῦταμὲν
470 694 511 782 δὴ
531 696 594 764 δύο
614 703 794 783 τηλικαῦτα
804 697 861 765 καί
869 702 1011 763 τοιαῦτα
1021 701 1074 765 δι-

118 800 279 885 καστήρια
291 798 345 865 καί
355 796 479 882 νόμιμα
489 799 526 862 έκ
536 792 660 875 παντός
670 804 732 862 τοῦ
741 794 867 882 χρόνον
882 797 1074 882 παραδεδο-

119 901 202 983 μένα
212 897 318 975 οὕτως
329 894 472 973 άναιδοῖς
482 892 766 981 ὑπερπεπήδηκεν.

76 1004 111 1060 74
207 1002 327 1077 Τρίτον
348 992 379 1061 δ’
402 995 518 1078 ἕτερον
538 991 622 1076 πρός
644 993 774 1072 τούτοις
795 990 1029 1079 δικαστήριον,
1050 990 1071 1065 ό

119 1095 254 1161 πάντων
266 1091 431 1179 ἁγνότατα
442 1091 571 1160 τούτων
587 1097 651 1178 ἔχει
667 1093 723 1161 καί
739 1093 1007 1178 φρικωδέστατα,
1029 1089 1075 1161 ἄν

118 1220 166 1272 τις
183 1190 329 1281 ὁμολογῇ
345 1195 408 1279 μὲν
421 1205 563 1277 κτεῖναι,
587 1189 736 1277 ἐννόμως
754 1190 789 1260 δὲ
806 1197 855 1277 φῇ
865 1192 1073 1274 δεδρακέναι.

118 1299 216 1360 τοῦτο
234 1289 265 1360 δ’
286 1295 354 1360 ἐστὶ
369 1288 406 1359 τό
424 1294 476 1359 ἐπὶ
492 1295 672 1379 Δελφινίῳ.
704 1294 843 1359 δοκοῦσι
862 1288 928 1375 γάρ
950 1314 1025 1377 μοι,
1048 1282 1076 1357 ό

118 1392 238 1476 ἄνδρες
259 1391 426 1477 δικασταί,
448 1395 583 1476 ζητῆσαι
596 1397 696 1457 τοῦτο
712 1395 846 1474 πρῶτον
863 1384 1027 1457 ἁπάντων
1043 1394 1078 1458 ολ

117 1488 343 1574 περὶτούτων
363 1489 400 1554 έν
421 1484 507 1573 άρχῇ
527 1483 568 1553 τά
596 1490 707 1555 δίκαια
732 1485 921 1572 ὁρίσαντες,
953 1484 1074 1574 πότερ’

116 1584 240 1653 οὐδένα
261 1585 322 1670 χρη
345 1584 456 1670 φόνον
481 1583 577 1652 ὅσων
606 1584 690 1655 εἶναι
716 1592 861 1674 νομίζειν
883 1582 908 1673 ἢ
931 1585 1010 1655 τινά
1039 1583 1075 1671 γ’

116 1683 191 1753 ἔσθ’
205 1683 300 1751 ὅσων
312 1685 503 1769 νομιστέον,
526 1685 729 1771 λογιζόμενοι
740 1685 772 1753 δ’
786 1685 838 1753 ότι
847 1686 973 1773 μητέρα
979 1682 1076 1771 Ὀρέ-

116 1805 193 1869 στης
204 1778 395 1861 άπεκτονως
406 1779 582 1868 ὁμολογῶν
590 1791 683 1852 θεῶν
692 1782 977 1870 δικαστῶντνγοδν
986 1782 1077 1853 άπο-

116 1878 295 1967 φυγγάνει,
317 1887 452 1965 νομίσαι
469 1883 600 1950 δίκαιόν
615 1881 680 1950 τιν’
700 1883 784 1953 εἶναι
800 1883 924 1971 φόνον·
948 1881 993 1953 οὗ
1007 1886 1076 1971 γάρ

116 1977 158 2048 ἂν
176 1979 217 2047 τά
233 2005 271 2065 γε
287 1977 331 2065 μὴ
351 1984 461 2048 δίκαια
478 1979 582 2059 θεοὺς
603 1989 822 2068 ψηφίσασθαι.
856 1980 901 2062 ως
923 1984 962 2053 δέ
981 1981 1073 2052 τοῦτ’

116 2079 292 2164 ἐνόμισαν,
313 2077 505 2164 γράφουσιν
525 2077 589 2166 ἤδη
610 2083 665 2147 καλ
681 2084 861 2165 διορίζουσι
876 2088 994 2169 σαφῶς
1012 2079 1073 2169 ἐφ’

75 2196 106 2255 75
116 2174 164 2258 οἷς
174 2180 295 2259 έξεϊναι
305 2174 555 2247 ἀποκτιννύναι.
589 2175 663 2248 ἀλλ’
680 2172 1117 2267 οὐχοῦτοςοάδὲνάφεϊ-δί

115 2288 188 2365 λεν,
207 2277 280 2347 ἀλλ’
301 2275 430 2366 ἁπλῶς,
447 2279 507 2348 δάν
522 2304 572 2358 τις
588 2276 767 2368 ἀποκτείνῃ
777 2283 987 2367 Χαρίδημον,
1005 2274 1074 2347 κάν

116 2383 264 2462 δικαίως,
276 2377 341 2446 κάν
352 2375 396 2457 ὡς
407 2382 442 2447 οί
448 2378 547 2464 νόμοι
557 2378 718 2464 διδόασιν,
732 2382 869 2447 ἔκδοτον
879 2388 974 2445 ποιεί.
996 2384 1074 2445 καό-

116 2502 166 2542 τοι
178 2484 280 2543 πᾶσίν
291 2482 354 2543 είσι
364 2475 533 2561 πράγμασι
544 2480 599 2542 καλ
610 2477 722 2560 λόγοις
739 2475 801 2544 δύο
819 2482 1028 2561 προσθῆκαι,
1048 2473 1072 2563 ἡ

115 2582 176 2640 τοῦ
195 2579 327 2642 δικαίου
343 2575 398 2641 καί
414 2572 547 2642 άδίκου·
570 2571 609 2653 ἃς
627 2573 695 2661 άμα
710 2576 773 2663 μὲν
790 2574 827 2643 τό
839 2570 920 2642 αὐτὸ
932 2581 1072 2662 πρᾶγμα

115 2668 214 2738 οὐδὲν
226 2666 270 2740 άν
284 2671 420 2738 δύναιτο
432 2685 522 2757 σχεῖν
531 2670 611 2741 οὐδὲ
621 2673 720 2760 λόγος
732 2671 840 2751 οὐδείς
855 2679 940 2760 (πῶς
949 2670 1016 2759 γάρ
1027 2668 1072 2741 όν

115 2774 225 2836 δίκαια
242 2768 311 2855 ἅμα
326 2767 430 2837 ταύτά
440 2772 495 2838 καί
506 2769 551 2857 μὴ
562 2776 690 2857 γένοιτο
698 2784 721 2855 ς)
741 2770 803 2858 τὴν
815 2771 931 2855 ἑτέραν
943 2767 977 2838 δ’
987 2771 1071 2839 ἕκα-

115 2885 196 2933 στον
206 2870 281 2950 ἔχον
294 2867 514 2955 δοκιμάζεται,
532 2866 598 2937 κάν
607 2873 669 2956 μὲν
678 2868 742 2957 τὴν
752 2868 873 2938 ἄδικον
882 2877 991 2958 φανῇ,
1003 2894 1069 2939 πο-

112 2962 219 3051 νηρόν
229 2970 384 3051 κρίνεται,
398 2960 442 3033 άν
454 2967 489 3035 δὲ
499 2965 562 3054 την
572 2973 721 3055 δικαίαν,
731 2967 939 3056 χρηστὸνκαί
950 2969 1068 3041 καλόν.

112 3064 156 3133 σε)
167 3071 284 3133 τοίνυν
294 3062 473 3151 οὐδετέραν
484 3071 695 3155 προσέθηκας
705 3067 834 3136 τούτων
840 3119 850 3153 ,
870 3066 914 3136 ἄν
922 3093 973 3146 τις
980 3064 1068 3135 ἄπο-

111 3170 223 3252 κτείνη
233 3164 388 3250 γράφων·
401 3161 469 3234 ἀλλ’
477 3163 635 3251 άόριστον
645 3165 748 3234 είπώυ
758 3164 864 3254 αὐτὴν
874 3163 938 3254 τὴν
946 3171 1068 3255 αἰτίαν,

110 3263 167 3329 καί
188 3261 269 3348 μετὰ
289 3261 383 3332 ταῦτ’
407 3262 514 3346 εὐθὺς
534 3263 750 3351 προσγράψας
771 3264 943 3353 άγιόγιμου
967 3264 1067 3351 εἶναι,

111 3365 226 3441 τρίτου
240 3366 331 3432 τοντλ
341 3366 554 3453 δικαστήριον
564 3367 619 3432 καί
629 3361 669 3431 τά
681 3365 802 3433 τούτου
820 3364 945 3452 νόμιμα
956 3389 1048 3452 παρα

110 3458 387 3547 δεβηκοὶςφαίνει.
