2370 3854
253 219 395 284 RATA
415 220 880 285 ΑΡΙΣΤΟΚΡΛΤΟῬΣ.
981 221 1043 286 189

82 388 218 450 σθαῑσαι
234 380 360 467 παρὸν,
381 383 437 451 καί
454 377 535 468 μετὰ
546 388 667 469 ταῦτα,
690 379 736 461 ὥς
746 383 847 455 οὐδέν
859 389 929 454 ἐκεῖ
935 409 1043 454 κακον

82 479 148 568 εἶχε
157 495 265 549 ποιεῖν
275 478 373 568 ὑμᾶς,
382 487 472 550 ἔπλει
482 485 582 567 δεῦρο
594 481 695 550 πάλιν
707 473 750 550 οὗ
758 480 917 552 τάναντία
928 490 1043 571 ἔμελλε

81 578 220 665 πράξειν
236 586 277 667 τῆ
289 580 404 666 πόλει,
429 583 485 648 καί
495 588 557 647 τοῦ
567 577 612 666 μῆ
624 587 739 668 λαβεῖν
746 578 944 668 Ἀμφίπολιν
955 582 1043 650 πάν-

79 703 149 746 των
160 670 260 756 οὗτος
271 679 463 760 αίτιιότατός
472 681 571 766 ἐστιν,
584 677 744 764 ἀκηκόατ’
756 684 793 750 ἐκ
803 690 861 769 τῆς
871 686 1044 768 ἐπιστολῆς

80 777 137 847 καί
147 784 206 862 τῆς
215 783 407 864 μαρτυρίας.
435 775 541 847 καὶτὰ
553 782 615 865 μὲν
628 788 744 866 πρῶνα
754 779 885 849 τοιαῦτ’
896 785 963 849 ἐστὶ
973 788 1043 848 τῶν

79 880 190 961 ἔργον
200 881 269 942 ταῖν
279 875 494 963 Χαριδήμου,
504 875 586 962 μετά
600 883 706 946 ταῦτα
716 877 752 948 δὲ
763 877 848 947 ἄλλα
858 878 1042 947 θεάσασθε.

37 973 207 1061 ςςχρόνου
224 971 290 1059 γάρ
308 972 501 1053 διελθόντος
518 977 652 1043 καὶτοῦ
669 981 815 1064 πολέμου
833 974 918 1064 πρὸς
928 976 1044 1047 Κότυν

61 1132 64 1137 .
80 1070 179 1150 ὄντος
188 1069 263 1157 ἤδη,
271 1073 392 1158 πέμπει
402 1072 485 1159 πρὸς
496 1070 582 1160 ὑμᾶς
592 1076 769 1162 ἐπιστολῆν
776 1082 920 1163 (μάλλον
932 1073 958 1143 δ’
971 1073 1044 1162 οὐχὶ

81 1168 167 1254 πρός
178 1166 274 1256 ὑμᾶς,
284 1167 368 1238 άλλά
379 1169 463 1255 πρὸς
471 1173 726 1258 Κηφισόδοτον·
749 1172 838 1241 οὕτω
850 1173 971 1260 σφόδρ’
985 1170 1040 1240 ὑπ’

81 1267 190 1338 αὐτοῦ
199 1295 237 1357 χε
248 1267 318 1337 οὐδ
331 1266 374 1338 άν
385 1273 631 1358 ἐξαπατηθῆναι
641 1269 702 1358 τῆν
713 1272 815 1341 πόλιν
825 1271 944 1358 ἡγεῖτο,
957 1295 1042 1340 συν-

82 1366 181 1448 ειδώς
198 1365 220 1435 ά
237 1373 432 1455 πεποίηκεν)
450 1370 487 1435 ἐν
497 1360 523 1458 ᾗ
532 1369 749 1456 Χερρόνησον
758 1369 915 1454 ὑπέσχετο
927 1377 969 1457 τῆ
979 1368 1041 1436 πό-

82 1477 132 1537 λει
143 1476 349 1553 κομιεῖσθαι,
372 1467 481 1535 πάντα
498 1466 628 1546 τούτοις
642 1464 789 1535 τάναντί’
802 1465 955 1553 ἐγνωκώς
966 1491 1045 1535 ποι-

82 1582 142 1636 εῖν.
165 1571 218 1634 δεῖ
225 1564 253 1635 δ’
266 1563 352 1653 ὑμᾶς
362 1563 399 1634 τὰ
412 1564 544 1654 πρᾶγμ’,
557 1561 630 1636 οἷον
639 1559 693 1655 ῆν,
704 1565 742 1636 τό
754 1567 829 1653 περὶ
838 1564 900 1652 τῆν
909 1568 1043 1635 ἐπιστο-

81 1667 145 1753 λὴν
166 1663 309 1734 άκούσαι
330 1666 398 1754 (καὶ
416 1666 482 1750 γάρ
498 1669 569 1735 ἐστι
583 1666 704 1754 βραχυ)
725 1667 782 1734 καί
795 1673 967 1751 θεωρῆσαι
983 1668 1043 1733 τὸν

37 1765 209 1852 54τρόπον
220 1762 436 1851 τάνθρώπου,
450 1764 494 1844 ὡς
505 1765 586 1851 ὑμῖν
596 1763 655 1832 ἀπ’
668 1764 769 1851 ἀρχῆς
779 1767 939 1851 κέχρηται.
958 1767 1043 1832 ἐκεῖ·
1052 1777 1102 1835 671

82 1893 141 1946 νος
158 1864 202 1947 ὡς
220 1863 408 1953 ἀπόμισθος
425 1871 572 1951 γίγνεται
588 1861 678 1949 παρά
695 1872 758 1933 τοῦ
771 1866 939 1951 Τιμοθέου
956 1863 1041 1948 τότε,

84 1963 143 2033 ἀπ’
154 1962 380 2052 Ἀμφιπόλεοος
390 1962 584 2052 ἀναχωρεῖν,
598 1961 714 2052 διαβάς
725 1966 771 2042 είς
780 1960 844 2049 τῆν
851 1960 974 2048 Ἀσίαν,
986 1955 1043 2029 διά

83 2063 145 2152 τῆν
162 2065 327 2150 σύλληψιν
342 2060 599 2152 τῆν’Λρταβάζιμ
616 2069 795 2149 συμβᾶσαν
811 2061 886 2129 τότε
897 2058 956 2128 ὑπ’
969 2059 1043 2128 Αὐ-

82 2163 298 2250 τοφραδάτου
314 2159 485 2249 μισθοῖτό
504 2161 691 2248 στράτευμα
708 2161 763 2227 καὶ
778 2157 883 2226 αὑτὸν
893 2173 962 2236 τοῖς
969 2159 1043 2242 Ἀρ-

82 2261 229 2348 ταβάζου
239 2264 429 2344 κηδεσταῖς,
440 2258 554 2345 λαβών
565 2259 601 2326 δέ
613 2267 737 2335 πίστεις
747 2260 802 2324 καὶ
813 2257 910 2342 δούς,
923 2256 1043 2340 όλιχω-

84 2361 188 2448 ρῆσας
209 2367 277 2425 τῶν
299 2356 412 2443 ὅρκων
431 2357 488 2424 καὶ
507 2353 659 2443 παραβάς
681 2352 819 2441 αὐτοὺς,
840 2352 1063 2441 άφνλάκταιν.

85 2457 195 2534 ὄντων
207 2452 251 2536 ὡς
263 2451 306 2523 άν
318 2451 402 2539 πρός
414 2460 514 2541 φίλον
523 2461 592 2522 τῶν
602 2457 640 2523 ἐν
651 2462 693 2544 τῆ
701 2455 795 2545 χιόρᾳ
802 2505 812 2539 ,
830 2453 1044 2541 καταλαμβά-

35 2585 74 2639 7ςς
84 2583 136 2625 νει
145 2561 282 2644 Σκῆψιν
297 2554 354 2623 καὶ
371 2560 530 2642 Κεβρῆνα
546 2551 712 2623 καίἼλιον
730 2550 852 2622 αὐτῶν.
886 2550 1044 2641 ἐγκρατὴς

85 2656 121 2725 δέ
132 2654 311 2742 γενόμενος
321 2654 451 2723 τούτων
462 2661 530 2721 τῶν
540 2661 671 2740 χωρίων
682 2652 801 2741 πρᾶγμ’
816 2659 922 2722 ἔπαθε
932 2660 1045 2721 τοιοῦ-
1141 2692 1144 2698 ·

84 2784 160 2841 του,
184 2750 257 2823 οἷον
274 2752 335 2841 οὐχ
352 2753 405 2824 ὅτι
415 2750 598 2841 στρατηγὸς
609 2750 654 2821 άν
664 2752 812 2842 ἠγνόησέ
821 2779 869 2832 τις
881 2751 966 2820 εἶναι
977 2751 1045 2838 φά·

86 2877 193 2938 σκων,
215 2853 291 2923 ἀλλ’
304 2852 378 2922 οὐδ’
393 2851 534 2940 ὁτυχών
546 2852 735 2942 ἅνθρωπος.
770 2848 844 2920 οὐδ’
855 2849 970 2920 ὁτιοῦν
980 2848 1045 2936 γάρ

86 2959 209 3041 χωρίον
230 2958 313 3038 ἔχων
334 2955 387 3022 έπὶ
405 2953 571 3042 θαλάττη,
593 2951 668 3022 οὐδ’
682 2951 767 3023 ὅθεν
777 2949 821 3021 άν
830 2961 1047 3035 σιτοπομπίας

85 3052 258 3142 ηὐπόρησε
264 3064 332 3131 τοῖς
343 3051 572 3140 στρατιώταις,
584 3050 661 3121 οὐδ’
676 3047 721 3120 αὖ
732 3066 824 3122 σῖτον
835 3055 919 3136 ἔχων
930 3052 968 3116 ἐν
978 3060 1046 3126 τοῖς

86 3156 234 3238 χωρίοις,
258 3147 436 3238 ὑπέμεινεν
452 3156 491 3221 έν
515 3167 585 3231 τοῖς
600 3158 719 3239 τείχεσι
736 3155 792 3219 καί
808 3148 850 3217 οὐ
862 3146 1046 3231 διαρπάσας

87 3250 206 3344 ᾤχετο,
225 3251 338 3337 ἐπειδή
349 3277 388 3338 χε
399 3250 528 3321 ἀδικεῖν
540 3258 635 3337 ἔγνω.
669 3247 714 3328 ὡς
725 3248 761 3316 δὲ
772 3248 929 3327 συλλέξας
940 3245 1046 3314 δόνα-

87 3379 146 3437 μιν
165 3359 277 3438 παρῆν
294 3346 311 3421 ὁ
327 3348 539 3438 Ἀρτάβαζος,
562 3350 739 3438 άφειμένος
756 3345 845 3434 παρά
862 3354 924 3416 τοῦ
933 3343 1045 3414 Αότο-

84 3451 280 3540 φραδάτου,
292 3459 339 3543 τῷ
349 3452 411 3540 μὲν
422 3449 569 3542 ὑπῆρχεν
580 3447 781 3538 ἐπισιτισμὸς
792 3450 830 3517 έκ
840 3453 898 3534 τῆς
908 3442 1045 3515 άνωθεν
