2370 3854
305 198 447 262 ΚΑΤΑ
472 197 870 262 ΤΙΜΟΚΡΑΤΟΥΣ.
998 199 1060 263 233

68 376 103 430 ⁷2
193 358 349 448 Ἐπίσχες·
382 358 500 429 αὐτίκα
520 356 584 445 γάρ
606 356 682 425 καθ’
704 360 844 428 ἕκαστον
865 360 1061 449 ἀναγνώσει.

111 462 366 548 τουτδπάντων,
390 453 726 545 άάυδρέςδικασταλ,
747 468 816 527 τῶν
826 467 1063 549 γεγραμμένων

111 564 204 650 ἐντῷ
215 557 308 647 νόμφ
321 558 442 644 σχεδόν
452 560 520 626 έστι
532 557 731 624 δεινότατον.
746 557 836 646 οἶμαι
847 560 911 646 γὰρ
919 559 999 629 οὐδὲ
1007 563 1067 629 ἕνα

111 662 297 745 άνθρωπον
316 655 420 724 άλλον
430 663 602 742 τολμῆσαι,
620 656 728 742 νόμον
745 662 941 744 εἰσφέροντα
952 663 1005 729 ἐπὶ
1016 671 1063 750 τῷ

109 766 255 845 χρῆσθαι
265 754 345 835 τοὺς
355 763 491 835 πολίτας
502 754 594 844 αὐτῷ
600 807 610 839 ,
631 752 786 835 τάςκατόι
804 755 883 838 τούς
899 759 1065 845 πρότερον

110 865 248 940 κυρίους
263 856 390 942 νόμους
406 861 532 941 κρίσεις
548 859 769 942 γεγενημένας
785 858 986 945 ἐπιχειρῆσαι
1002 857 1064 924 λύ-

111 982 169 1024 ειν.
192 963 291 1023 τοῦτο
302 960 421 1022 τοίνυν
431 951 546 1022 οὑτοσὶ
556 953 910 1041 Τιμοκράτηςάναιδῶς
921 958 977 1024 καί
988 953 1064 1024 οὐδ’

110 1053 390 1139 ἀποκρυψάμενος
405 1060 579 1140 πεποίηκε,
596 1054 726 1139 γράψας
744 1055 928 1143 διαρρήδην
941 1053 1020 1124 “aaz
1036 1067 1069 1125 εἴ

106 1151 193 1222 “τινι
203 1161 272 1221 τοῖν
283 1151 493 1240 ὀφειλόντων
502 1160 549 1242 τῷ
561 1157 970 1241 δημοσίφπροστετίμηται
981 1154 1063 1223 κατὰ

103 1249 267 1339 “νόμονη’
283 1253 366 1320 κατὰ
378 1253 532 1337 ψήφισμα
546 1255 672 1336 δεσμοῦ
681 1245 873 1336 ἢτόλοιπὸν
883 1273 1062 1340 προστιμη-

67 1350 203 1439 73“θη.”
225 1352 300 1436 περὶ
317 1348 432 1436 μὲνδὴ
450 1356 520 1417 τῶν
531 1349 726 1434 μελλόντων
742 1358 776 1416 εἴ
787 1375 819 1416 τι
830 1353 960 1418 δίκαιον
976 1358 1065 1418 ἒπει-

111 1474 169 1517 σευ
181 1449 277 1536 ὑμᾶς,
290 1447 353 1516 οὐκ
364 1444 408 1516 όν
417 1446 537 1535 ἠδίκει·
549 1449 625 1532 περὶ
636 1444 667 1514 δ’
677 1439 725 1514 οἷν
737 1449 949 1535 δικαστήριον
960 1456 1066 1534 ἔγνω-

110 1575 148 1616 κε
160 1551 215 1616 καὶ
225 1552 318 1627 τέλος
329 1553 461 1634 ἔσχηκε,
480 1554 551 1625 πως
569 1543 611 1613 οὐ
624 1545 718 1614 δεινοὶ
735 1560 826 1614 ποιεί
832 1545 939 1633 νόμον
951 1551 1064 1633 είσφέ-
1071 1564 1121 1620 724

111 1673 180 1733 ρων
198 1642 236 1714 δι’
255 1638 299 1714 οὗ
314 1654 419 1713 ταῦτα
436 1645 634 1733 λυθησεται;
663 1644 774 1731 οἵσπερ
791 1641 835 1713 όν
851 1656 946 1726 εἴτις
964 1647 1063 1726 ἐάσας

109 1746 230 1829 κόριον
246 1744 307 1814 τόν
323 1744 446 1814 τούτου
467 1749 625 1831 γενέσθαι
646 1744 753 1831 νόμον
773 1744 933 1832 γράψειεν
948 1747 1063 1832 ἕτερον

108 1841 320 1914 τοιόνδε“καλ
332 1853 365 1912 εδ
371 1869 475 1928 τινες,
499 1842 689 1930 ὠφληκότες
705 1844 855 1931 χρήματα
871 1849 927 1913 καλ
938 1849 1064 1932 δεσμοῦ

105 1940 431 2028 ’προστετιμημένον
442 1939 571 2027 αὐτοῖς,
589 1941 751 2028 ἐγγυητάς
762 1945 967 2030 κατέστησαν
978 1942 1061 2012 κατὰ

103 2037 187 2109 “τόν
199 2041 323 2128 νόμον,
346 2038 390 2127 μὴ
403 2040 488 2110 εἶναι
504 2038 566 2127 την
578 2041 771 2127 διεγγύησιν
782 2038 908 2126 αὐτοῖς,
930 2044 1012 2128 μηδὲ
1023 2043 1059 2110 τὰ

65 2138 241 2215 74“λοιπόν
252 2144 411 2224 ἐξεγγυᾶν
421 2137 573 2225 μηδένα.”
604 2137 672 2206 άλλ’
685 2139 763 2206 οὔτε
780 2148 882 2207 ταῦτα
894 2140 1062 2226 ποιήσειεν

106 2234 150 2303 όὶυ
161 2234 271 2314 οὐδεὶς
281 2233 462 2322 ὑγιαίνων,
475 2235 581 2321 οἶμαι,
604 2236 647 2302 ού
657 2234 689 2302 τ’
701 2239 812 2302 ἐκεῖνα
823 2236 916 2304 λάων
925 2235 1059 2324 ἠδίκεις,

105 2343 190 2420 χρῆν
200 2333 265 2419 γάρ
277 2331 392 2419 αὐτὸν,
405 2340 437 2402 εί
444 2332 482 2402 τὸ
495 2331 614 2420 πρᾶγμ’
628 2331 754 2419 ἐνόμιζε
766 2338 905 2420 δίκαιον,
929 2337 982 2402 ἐπὶ
992 2349 1062 2415 τοϊς
1155 2358 1158 2363 ·

107 2431 250 2517 ὕστερον
260 2433 497 2518 γενησομένοις
506 2441 619 2500 θεῖναι
629 2429 689 2500 τόν
700 2431 817 2519 νόμον,
835 2430 946 2520 καὶμὴ
958 2453 1061 2502 συνε-

106 2530 268 2616 νεγκόντα
290 2537 336 2609 είς
355 2527 457 2598 ταύτό
478 2528 519 2599 τά
540 2533 703 2618 μέλλοντα
720 2547 789 2610 τοῑς
809 2532 1060 2618 παρεληλυθόσι

105 2633 160 2697 καὶ
170 2626 210 2697 τά
223 2628 267 2715 μη
280 2633 364 2715 δηλα
375 2645 443 2710 τοῖς
454 2645 613 2717 φανεροῖς
624 2629 824 2718 ἀδικήμασιν
842 2628 900 2700 εἶτ’
914 2633 967 2700 ἐπὶ
978 2639 1061 2698 πάσι

105 2729 231 2814 γράψαι
247 2726 310 2814 την
327 2726 436 2816 αὐτην
451 2729 597 2816 γνώμην.
633 2736 704 2809 πῶς
720 2726 784 2815 γάρ
803 2727 844 2798 οὐ
862 2727 974 2798 δεινόν
990 2737 1060 2797 τῶν

106 2824 217 2894 αὐτῶν
237 2826 412 2914 ἠξιωκέναι
433 2833 571 2898 δικαίων
591 2827 670 2909 τους
694 2833 966 2917 ἐξεληλεγμένους
985 2826 1059 2896 άδι-

105 2933 249 3004 κοῦντας
258 2924 321 3012 τὴν
332 2928 431 2996 πόλιν
442 2930 608 3013 πρότερον
623 2932 680 2996 καὶ
695 2927 774 3007 τούς
788 2926 868 3015 μηδ’
881 2934 912 2996 εἰ
919 2934 1059 3011 κρίσεως

105 3025 198 3103 ἄξιον
209 3024 409 3108 ἐργάσονταί
414 3039 446 3094 τι
457 3028 594 3113 δηλους;

64 3141 96 3195 15
189 3127 255 3191 Καὶ
268 3124 335 3210 μην
352 3124 511 3194 κάκεῖθεν
530 3130 596 3194 ίδοι
606 3153 655 3204 τις
666 3122 709 3194 άν
721 3124 765 3205 ὡς
777 3123 888 3194 δεινόν
898 3129 1056 3210 πεποίηκε

104 3223 141 3289 τό
153 3232 265 3290 θεῖναι
276 3224 351 3305 περὶ
362 3230 430 3291 τῶν
446 3225 733 3311 παρεληλυθότων
743 3222 804 3292 τὸν
813 3223 937 3310 νόμον,
955 3228 987 3291 εί
998 3231 1056 3290 λο-

103 3329 232 3406 γίσαιτο
256 3319 331 3406 παρ’
343 3320 435 3412 αὐτῷ
454 3329 489 3390 τί
507 3320 583 3391 ποτ’
595 3325 684 3391 ἐστὶν
701 3314 729 3389 ὦ
750 3320 852 3407 νόμος
868 3318 1055 3409 ὀλιγαρχίας

105 3424 269 3506 διαφέρει,
292 3423 347 3488 καὶ
361 3428 396 3488 τί
410 3420 452 3507 δή
469 3419 547 3489 ποθ’
560 3425 596 3490 οί
609 3420 671 3508 μέν
682 3417 747 3488 ὑπὸ
759 3418 875 3506 νόμων
885 3422 1070 3488 ἐθέλοντες
1170 3466 1174 3472 -
