2370 3854
339 193 482 254 RATA
503 193 776 256 Αωοεονκ.
876 274 881 287 ¹
971 193 1033 258 323

84 354 126 422 οὐ
144 353 386 440 ῥηθησομένων
402 357 634 437 παραλίποιμι,
653 358 719 420 νῦν
735 349 836 433 αάτδς
852 364 955 442 είποι,
977 358 1033 423 ἵνα

42 473 76 526 τε
86 459 195 520 δοκῶν
213 451 297 520 εἶναι
314 450 473 530 πλούσιος
490 443 592 537 ήττον
609 447 666 536 ὑφ’
677 446 774 537 ὑμῶν
784 454 944 539 ἐλεοίμην.
978 456 1034 541 καί

84 557 271 637 μαρτυρίαν
281 550 342 636 μὲν
354 546 514 635 οὐδεμίαν
524 548 697 637 ἐνεβάλετο
707 549 837 618 τούτων
849 547 866 618 ὁ
878 549 973 620 ταῦτ’
985 560 1034 622 εί-

84 664 158 718 πεῖυ
170 649 321 731 ἀξιώσας,
333 657 421 739 φιλῶ
433 650 468 718 δέ
480 649 568 737 λόγφ
579 648 783 734 χρησάμενος
795 646 838 730 ῶς
849 662 1033 737 πιστευθη-

83 748 223 833 σόμενος
235 745 275 814 δι’
288 750 433 815 ἐκείνων.
463 749 518 814 καὶ
528 745 610 814 ὅταν
620 746 682 833 μέν
692 753 807 834 ἔρηταί
814 774 862 827 τις
873 746 977 816 αὐτὸν
988 755 1034 828 είς

83 853 117 912 τί
135 852 203 913 τῶν
224 848 315 932 ἐμῶν
330 853 476 913 τοσαῦτα
485 844 626 933 χρήματ’
638 842 806 932 ἀνήλωκε,
829 847 908 933 χρέα
930 848 1033 932 φησὶν

83 944 167 1030 ὑπὲρ
187 947 269 1030 ε’μοῶ
280 945 478 1012 ἐκτετικέναι
492 944 548 1012 καί
565 947 689 1032 πένητα
706 946 844 1013 ἐνταυθὶ
862 949 951 1030 ζητεῖ
957 967 1033 1013 ποι-

83 1057 148 1108 εῐν·
171 1041 252 1110 ὅταν
264 1041 299 1111 δέ
309 1041 480 1130 βούληται,
493 1040 674 1128 πλούσιον,
693 1038 737 1120 ῶς
748 1048 872 1127 ἐοικευ,
892 1051 983 1129 εἴπερ
993 1068 1032 1128 γε

82 1143 137 1207 καὶ
150 1146 314 1208 τοσοῦτον
334 1142 460 1219 ἐκεῖνος
482 1137 645 1227 ἀργύριον
663 1148 755 1231 οίκοι,
770 1142 952 1207 κατέλιπεν.
987 1137 1033 1219 ῶς

83 1237 113 1306 δ’
126 1237 188 1306 οὐκ
206 1237 317 1326 άληθή
335 1242 443 1324 λέγειν
461 1233 583 1304 οἷόντε
600 1234 722 1323 αὐτὸν,
744 1234 813 1305 ἄλλ’
823 1236 992 1307 ἀδύνατόν
1001 1266 1033 1306 τι

41 1355 73 1409 55
81 1338 241 1423 γενέσθαι
256 1334 404 1422 τούτων,
427 1338 464 1403 ἐκ
481 1341 618 1403 πολλῶν
636 1335 754 1424 ῥηίδιον
764 1344 896 1421 μαθεῖν.
926 1341 957 1402 εί
971 1336 1032 1423 μὲν

80 1431 145 1519 γάρ
158 1430 175 1500 ὁ
191 1429 300 1519 πατήρ
311 1431 440 1519 ήπίστει
450 1432 590 1520 τούτοις,
610 1431 777 1520 δῆλονὸτι
789 1432 862 1501 οὔτ’
874 1429 918 1501 άν
928 1433 1031 1504 τάλλα

80 1534 257 1616 ἐπέτρεπεν
285 1528 357 1598 οὔτ’
383 1526 427 1598 άν
453 1533 551 1600 ταῦθ’
580 1530 668 1601 οὕτω
696 1531 887 1602 καταλιπῶυ
920 1533 1032 1612 αὐτοῖς

81 1634 215 1713 ἔφραζε·
238 1636 339 1716 μανία
349 1626 416 1717 γάρ
427 1632 519 1717 δεινή
530 1627 570 1699 τά
583 1635 793 1718 κεκρυμμένα
808 1636 927 1719 εἰπεῖν,
948 1632 1031 1718 μηδὲ

79 1735 147 1794 τῶν
158 1735 315 1814 φανερῶν
328 1734 489 1814 μέλλοντα
500 1733 697 1816 ἐπιτροπους
707 1730 933 1817 καταστήσειν.
955 1737 987 1799 εί
996 1728 1026 1798 δ’

79 1830 265 1912 ἐπίστευεν,
288 1824 351 1894 οὐκ
368 1821 414 1894 άν
431 1828 540 1916 δήπου
559 1824 600 1896 τά
619 1831 681 1915 μὲν
697 1825 821 1898 πλεῖστ’
835 1827 948 1908 αὐτοῖς
962 1835 1031 1897 τῶν

77 1926 254 2012 χρημάτων
265 1929 450 2013 ἐνεχείρισε,
462 1934 532 1996 τῶν
544 1926 577 1996 δ’
589 1923 707 1996 οὐκῶν
718 1933 856 2014 κυρίους
866 1931 1027 2014 ἐποίησεν.

79 2023 152 2092 οὐδ’
166 2021 210 2092 ῶν
226 2033 267 2113 τή
285 2029 347 2111 μὲν
371 2033 473 2113 μητρί
486 2053 552 2113 μου
570 2034 674 2095 ταῦτα
694 2028 874 2113 φυλάττειν
893 2032 1027 2110 ἔδωκεν,

78 2120 187 2210 αὐτήν
208 2122 240 2189 δ’
258 2127 388 2210 ἐκείνην
410 2126 458 2192 ἑνὶ
476 2134 545 2192 τῶν
563 2125 751 2210 ἐπιτρόπων
769 2123 876 2211 τούτῳ
896 2125 1085 2210 γυναῖκ’δδῖ

77 2226 217 2288 ἔδωκεν·
241 2219 285 2287 οὐ
293 2219 358 2306 γάρ
370 2226 433 2305 ἔχει
450 2222 554 2308 λόγον
566 2224 681 2302 σῶζειν
692 2222 754 2306 μὲν
764 2221 803 2290 τά
815 2223 963 2308 χρήματα
975 2221 1028 2290 διά

77 2327 135 2404 τῆς
146 2322 227 2403 ἐμής
238 2316 362 2405 μητρός
372 2324 496 2411 ζητεῖν,
515 2322 574 2387 ἕνα
586 2320 622 2386 δὲ
631 2327 701 2387 τῶν
711 2319 963 2406 ἀπιστουμένων
973 2324 1029 2388 καί

37 2442 69 2495 55
78 2415 180 2502 αὐτῆς
191 2417 246 2482 καὶ
256 2423 325 2482 τῶν
333 2417 510 2503 χρημάτων
520 2416 639 2502 κύριον
649 2431 764 2485 ποιεῖν.
785 2422 834 2486 ἐτι
844 2416 890 2505 δέ,
898 2415 1029 2486 τούτων

79 2523 112 2581 εί
118 2539 149 2580 τι
158 2505 204 2600 ἦν
214 2511 353 2599 άληθὲς,
373 2514 478 2583 οἴεσθ’
490 2511 553 2583 οὐκ
570 2511 614 2584 δν
625 2513 732 2603 αὐτήν
742 2523 856 2604 λαβεῖν
868 2520 1029 2585 δοθεῖσαν

78 2609 144 2680 fiad
164 2619 226 2680 τοῦ
243 2610 384 2698 πατρὸς,
408 2610 445 2690 ὃς
460 2611 524 2699 τήν
540 2614 602 2700 μὲν
619 2629 740 2700 προῖκα
753 2613 854 2701 αὐτῆς
864 2614 944 2703 ήδη,
970 2613 1028 2693 τῶς

78 2708 283 2796 ὀγδοήκοντα
294 2719 395 2798 μνᾶς,
418 2717 503 2797 ἔχων
520 2709 564 2792 ῶς
575 2714 786 2800 συνοικήσων
796 2712 881 2804 αὐτῇ
890 2713 952 2801 τήν
964 2722 1027 2782 Φι-

77 2813 223 2876 λωνίδου
241 2816 301 2875 τοῦ
318 2813 489 2890 Μελιτέως
505 2810 659 2898 θυγατέρ’
673 2817 787 2900 ἔγημε·
808 2813 974 2899 τεττάρων
992 2818 1027 2882 δὲ

78 2906 249 2973 ταλάντων
260 2911 357 2975 ἐνδον
369 2905 487 2992 ὅντων,
504 2912 559 2977 καί
570 2905 658 2977 ταῦτ’
671 2913 798 2996 ἐκείνης
809 2911 963 2998 ἐχούσης,
983 2910 1027 2990 ῶς

78 2996 177 3081 οὗτός
195 3023 312 3090 φησιν,
335 3004 398 3074 οὐκ
417 3002 460 3075 άν
475 3005 602 3093 ἡγεῖσθ’
621 3007 725 3075 αὐτὸν
741 3005 806 3076 κάν
824 3013 1026 3095 ἐπιδραμεῖν,

35 3112 67 3170 57
78 3100 161 3168 ὥστε
176 3103 335 3188 γενέσθαι
347 3101 413 3191 μετ’
427 3107 553 3188 ἐκείνης
567 3102 679 3170 αὐτῶν
695 3104 816 3188 κύριον
822 3133 831 3183 ;
851 3101 874 3192 ή
888 3103 950 3191 τήν
966 3105 1026 3191 μέυ
1075 3098 1083 3109 “

79 3200 230 3287 φανεράν
241 3200 370 3291 οὐσίαν,
383 3204 427 3290 ἣν
437 3207 491 3272 καὶ
501 3201 596 3290 ὑμῶν
607 3207 641 3270 οί
649 3205 765 3272 πολλοὶ
776 3205 967 3293 συνῄδεσαν
977 3203 1027 3272 ὅτι

76 3306 297 3386 κατελείφθη,
318 3299 401 3389 μετά
418 3311 486 3370 τῶν
502 3301 757 3386 συνεπιτρόπων
768 3300 875 3380 οὕτως
886 3309 1026 3389 αἰσχρῶς

77 3399 275 3486 διήρπασεν,
299 3391 348 3467 ῶν
359 3396 392 3467 δ’
405 3396 467 3466 οὐκ
482 3398 629 3486 ἐμέλλεθ’
641 3397 735 3488 ὑμεῖς
749 3404 884 3524 ἔσεσθαι
898 3401 1024 3489 μάρτα

816 3499 859 3551 «ω
1050 3506 1124 3576 Α
