2370 3854
155 231 196 296 58
367 237 437 293 xxl.
477 232 895 293 ΔΗΜΟΣΘΕΝΟΥΣ

154 400 191 463 ἐν
213 390 328 472 αύταῐς
348 392 481 470 ταύταις
502 406 571 469 ταῖς
592 388 726 476 ἡμέραις
743 389 818 471 άξια
834 400 895 460 τοῦ
913 397 1032 460 δοῦναι
1047 396 1111 480 τήν

154 495 295 580 ἐσχάτην
314 499 409 580 δίκην
424 500 530 559 ποιῶν
548 489 766 575 δειχθήσεται.
801 492 965 579 βούλομαι
984 491 1015 560 δ’
1030 495 1111 561 ἕκα-

156 613 235 660 στον
252 591 309 660 άπ’
329 591 431 678 άρχής
449 583 498 656 ῶν
515 594 670 657 πέπονθα
687 591 846 669 ἐπιδείξας
873 595 929 658 καί
955 593 1029 676 περὶ
1040 599 1110 658 τῶν

156 699 291 777 πληγῶν
304 697 423 774 εἰπεῖν,
441 686 480 766 δίς
490 688 526 756 τδ
538 697 728 756 τελευταῖον
738 694 969 773 προσενέτεινέ
977 715 1048 774 μοι·
1072 694 1110 757 ἓν

155 789 219 875 γάρ
238 789 338 856 ον’δέν
357 793 445 856 ἐστιν
464 787 518 873 ἐφ’
538 779 566 875 ᾦ
582 796 649 853 τῶν
665 789 906 871 πεπραγμένων
923 785 963 855 ού
982 793 1110 867 δίκαιος

157 885 204 956 ῶν
216 888 423 955 ἀπολωλέναι
433 887 624 1008 μαχήσεται.

115 1017 146 1068 13
235 984 413 1070 Ἐπειδὴ
375 1012 439 1071 γαρ
452 1011 492 1052 ον
484 984 749 1113 ’καθεστηκότος
757 992 904 1070 χορηγοῦ
914 1011 953 1072 τη
938 987 1109 1052 Πάνδω-

154 1090 221 1152 νίδι
239 1093 331 1207 φνλχχ
348 1092 460 1168 τρίτον
480 1087 669 1170 ἕτοςτοντὶ,
693 1085 863 1205 παρούσης
875 1086 962 1152 δέ
922 1111 979 1170 της
991 1087 1109 1170 ἐκκλη-

155 1192 226 1262 σιας
242 1190 278 1252 ἐν
295 1189 316 1273 ή
333 1185 394 1252 τόν
411 1183 555 1270 άρχοιτα
566 1181 794 1270 ἐπικληροῦν
778 1210 796 1252 ο
808 1181 909 1269 νόμος
922 1196 988 1262 τοις
998 1197 1108 1268 χοροις
1118 1200 1172 1255 519

153 1284 231 1362 τούς
250 1281 392 1370 αύλητῦς
410 1285 552 1366 κελεύει,
576 1283 687 1367 λόγων
704 1284 758 1350 καί
775 1286 941 1367 λοιδορίας
952 1284 1108 1366 γιγνομέ-

153 1409 230 1468 νης,
254 1385 309 1450 καί
328 1388 591 1470 κατηγοροῦντος
602 1384 707 1450 τοῦ
673 1409 733 1467 μεν
746 1406 906 1466 αρχοντος
916 1388 984 1447 τῶν
994 1382 1107 1465 ἐπιμε-

155 1489 262 1565 λητῶν
280 1491 337 1566 της
352 1490 476 1566 φνλης,
499 1489 566 1546 τῶν
584 1479 616 1546 δ’
636 1485 838 1598 ἐπιμελητῶν
856 1485 917 1546 τοῦ
935 1470 1105 1564 άρχοντος,

155 1578 334 1659 παρελθών
352 1576 543 1664 ὑπεσχόμην
561 1575 624 1662 ἐγῶ
642 1579 840 1664 χορηγήσειν
856 1575 1035 1663 ἐθελοντής
1051 1578 1106 1644 καί

154 1683 390 1763 κληρουμένων
408 1683 537 1761 πρῶτος
555 1675 773 1759 αἱρεῖσθαι
739 1704 798 1745 τον
814 1674 962 1762 αύλητήν
970 1681 1105 1797 ἔλαχον,

115 1773 247 1862 ιιῦμεῑς
263 1767 392 1862 μέν,
364 1803 390 1843 ω
408 1773 545 1858 ανδρες
540 1783 725 1860 Αθηναιοι,
747 1775 869 1853 πάντες
885 1771 1047 1861 άμφότερ’
1062 1772 1106 1851 ῶς

155 1870 228 1941 οἶόν
248 1899 283 1939 τε
304 1871 434 1958 μάλιστ’
460 1872 683 1958 ἀπεδέξασθε,
705 1873 801 1961 τήντ
807 1873 1028 1958 ’ἐπαγγελίαν
1043 1870 1105 1957 τήν

154 1997 238 2057 εμην
248 1973 303 2038 και
314 1998 351 2038 το
340 1969 531 2058 σνμβάν’
513 1971 578 2039 απδ
596 1982 654 2057 τῆς
671 1971 784 2057 τύχης,
807 1973 862 2040 καί
878 1972 1033 2056 θόρυβον
1049 1974 1105 2036 καί

154 2068 276 2152 κρότον
293 2078 447 2136 τοιοῦτον
464 2067 507 2148 ῶς
523 2067 567 2137 άν
578 2073 791 2149 ἐπαινοῦντές
802 2096 837 2137 τε
847 2072 901 2138 καί
913 2072 1103 2154 συνησθέν-

153 2193 206 2245 τες
223 2167 411 2253 ἐποιήσατε,
433 2173 573 2247 Μειδίας
590 2167 620 2234 δ’
641 2166 755 2236 οὑτοσὶ
766 2168 868 2252 μόνος
879 2177 945 2235 τῶν
956 2167 1099 2245 πόντων,

155 2263 199 2344 ῶς
215 2271 339 2352 ἔοικεν,
359 2265 528 2355 ήχδέσθη,
549 2294 591 2335 κα
592 2267 901 2356 ὶπαρηκολούθησε
918 2290 984 2348 παρ
989 2262 1102 2390 ’δλην

153 2365 214 2450 τήν
227 2371 435 2451 λειτουργίαν
445 2367 632 2452 ἐπηρεάζων
643 2393 699 2452 μοι
710 2373 857 2452 συνεχῶς
870 2366 925 2432 και
935 2361 1035 2450 μικρά
1047 2363 1102 2429 καὶ

113 2482 143 2532 15
153 2469 257 2547 μείζω.
281 2462 344 2528 όσα
355 2467 416 2546 μὲν
427 2467 491 2528 οῦν
503 2463 581 2540 τοῦς
591 2464 749 2547 χορευτάς
762 2459 1039 2545 έναντιοόμενος’
1024 2475 1102 2544 ημιν

154 2559 323 2645 άφεδήναι
333 2567 391 2644 τής
403 2567 571 2641 στρατείας
581 2559 788 2646 ήνωχλησεν,
801 2587 821 2646 η
809 2557 1103 2644 ’προβαλλόμενος

153 2661 208 2726 καί
219 2658 394 2726 κελεύων
377 2657 496 2726 εαντδν
508 2664 552 2736 είς
563 2659 728 2726 Διονύσια
739 2668 938 2744 χειροτονεῖν
949 2658 1102 2740 ἐπιμελη-

154 2756 225 2842 τήν,
237 2753 258 2841 ή
270 2755 373 2823 τάλλα
385 2756 491 2823 πάντα
504 2754 566 2823 ὅσα
577 2766 723 2840 τοιαῦτα,
736 2756 837 2825 ἐάσω·
862 2753 903 2823 ού
912 2753 976 2842 γάρ
989 2753 1101 2838 άγνοῶ

153 2852 265 2938 τοῦδ’,
288 2851 338 2920 ὅτι
354 2861 398 2942 τῷ
409 2854 470 2938 μέν
482 2857 728 2942 ἐπηρεαζομένῳ
739 2854 807 2924 τότ’
820 2857 890 2941 ἐμοὶ
902 2856 957 2922 καί
969 2851 1102 2940 ὑβριζο-

153 2958 241 3041 μένῳ
263 2949 325 3038 τήν
347 2951 453 3038 αὐτήν
473 2950 577 3040 όργήιι
598 2955 738 3022 ἕκαστον
757 2955 887 3022 τούτων
903 2952 1007 3039 ήνπερ
1024 2950 1099 3022 ἄλλ’

154 3051 267 3119 ὁτιοῦν
284 3058 353 3118 τῶν
369 3053 569 3120 δεινοτάτων
583 3060 740 3141 παρίστη,
762 3053 843 3138 ύμίν
854 3057 889 3120 δὲ
901 3068 966 3132 τοῖς
977 3054 1099 3136 ἄλλοις,

152 3155 213 3228 ἔξω
223 3160 283 3218 τοῦ
295 3149 484 3238 πράγματος
495 3145 601 3239 ούσιν,
615 3152 677 3221 ούκ
690 3150 733 3221 άν
742 3163 820 3230 ίσσις
829 3151 902 3231 άξια
911 3161 1013 3220 ταῦτα
1023 3146 1099 3218 καθ’

154 3245 238 3314 αὑτά
250 3247 378 3334 άγῶνος
389 3259 524 3338 φανείη·
548 3250 623 3319 ἀλλ’
635 3251 657 3319 3
667 3253 788 3330 πάντες
799 3248 841 3320 άιι
857 3249 978 3339 ὁμοίως
995 3248 1100 3319 άκού-

112 3360 144 3415 ¹6
156 3366 271 3426 σαντες
289 3347 566 3439 ἀγανακτήσαιτε,
587 3351 683 3419 ταῦτ’
700 3354 773 3435 ἐρῶ.
807 3358 875 3420 ἐστι
887 3349 918 3417 δ’
932 3345 1099 3436 ὑπερβολή

153 3454 222 3513 τῶν
239 3447 319 3532 μετά
330 3458 434 3516 ταῦτα
460 3443 482 3516 3
504 3453 610 3536 μέλλω
621 3457 746 3537 λέγειν,
770 3452 824 3518 καὶ
835 3446 909 3517 οὐδ’
923 3443 966 3514 άν
978 3450 1102 3533 ἐπεχεί-
