2370 3854
163 186 226 249 382
364 188 481 248 XXXIII.
511 182 929 243 ΔΗΜΟΣΘΕΝΟΤΣ

164 345 401 434 ἠφανισμένων
418 353 486 412 τῶν
498 351 683 428 συνθηκῶν
693 345 748 409 καὶ
758 350 827 408 τῶν
838 343 1016 426 διαιτητῶν
1026 338 1124 411 ἀντι-

165 447 367 530 λεγομένων·
387 445 628 528 ἐπιχειροῦντες
644 442 680 510 δὲ
695 441 841 528 γράφειν
858 443 969 524 ἑτέρας
986 442 1124 529 συνθή-

165 569 224 621 κας
239 544 313 625 περὶ
329 541 457 610 τούτων
476 544 714 627 διηνέχθησαν,
738 531 835 619 οὗτος
855 539 916 626 μέν
936 538 1039 620 ἀξιῶν
1060 539 1124 609 τάν

164 641 390 726 Ἀριστοκλέα,
407 637 474 706 ὁδε
484 640 671 725 Παρμένων
680 637 759 717 τοὺς
769 653 872 721 τρεῖς,
893 634 1009 725 οἷσπερ
1021 640 1123 719 καὶέξ

167 737 267 825 ἀρχῆς
283 735 305 824 ή
325 737 481 822 ἐπιτροπὴ
499 740 636 821 ἐγένετο.
671 733 712 801 οὐ
728 744 921 820 γραφεισῶν
942 734 973 803 δ’
998 738 1123 821 ἑτέρων

167 844 365 921 συνθηκῶν,
388 843 458 901 τῶν
475 833 507 899 δ’
526 838 558 912 ἐξ
575 832 677 919 ἀρχῆς
694 832 948 917 ἀφανισθεισῶν
965 840 1012 913 εἰς
1027 833 1119 903 τοῦτ’

165 929 272 1021 ήλθευ
289 934 455 1011 ἀναιδείας
471 932 489 999 ὁ
506 929 679 1017 η’φανικως
697 930 756 1010 τάς
773 932 946 1019 συνθήκας
967 929 1053 999 ὥστε
1076 930 1122 1012 εἷς

166 1028 215 1100 ῶν
231 1030 479 1114 ἀποφανεῖσθαι
496 1034 559 1117 ἔφη
570 1029 632 1114 τήν
643 1034 780 1097 δίαιταν.
815 1033 1046 1115 παρακαλέσας
1056 1028 1120 1099 δ’ὁ

163 1134 350 1216 Παρμένων
369 1129 539 1215 μάρτνρας
559 1126 676 1196 ἀπεῖπε
692 1136 738 1218 τῷ
755 1126 959 1212 Ἀριστοκλεῖ
971 1126 1017 1215 μή
1035 1128 1122 1197 ἀπσ-

164 1236 346 1315 φαίνεσθαι
363 1226 453 1316 παρά
470 1228 529 1306 τάς
545 1227 719 1314 συνθήκας
735 1225 815 1295 καθ’
835 1225 939 1294 αὑτοῦ
958 1225 1043 1295 ἀνευ
1052 1235 1121 1295 τῶν

165 1331 412 1414 συνδιαιτητῶν.
438 1330 492 1394 καί
505 1317 553 1393 ῶν
566 1329 717 1394 ἐναντίον
727 1325 875 1413 ἀπεῖπεν,
886 1323 1052 1395 ἀκούσατε
1063 1334 1121 1414 τῆς

163 1432 350 1513 μαρτυρίας.

431 1642 434 1647 ,
518 1577 761 1647 MAPTYPIA.

121 1708 155 1759 λθ
247 1696 344 1766 Μετά
361 1707 466 1766 ταῦτα
481 1707 598 1768 τοίνυν
614 1707 662 1789 τῷ
671 1704 881 1786 Παρμένοντι
897 1701 1022 1788 συνέβη
1033 1719 1121 1787 συμ-

163 1796 253 1883 φορά
265 1796 373 1883 δεινή,
392 1790 419 1864 ῶ
431 1796 550 1881 ἀνδρες
562 1802 720 1867 δικασταί.
754 1807 928 1877 οἰκοῦντος
937 1796 1002 1884 γὰρ
1014 1798 1172 1873 αάτοῦθθθ

161 1898 199 1963 έν
205 1893 372 1980 Ὀφρννίφ
384 1894 438 1961 διὰ
450 1893 512 1981 τήν
523 1905 660 1963 οίκοθεν
673 1895 797 1982 φυγήν,
808 1895 891 1965 ὅτεὸ
904 1896 1038 1983 σεισμὸς
1047 1900 1121 1984 ἐγέ-

162 2017 237 2059 νετο
249 1987 267 2059 ὁ
279 1993 353 2075 περὶ
363 1991 589 2078 Χερρόνησον,
602 1994 835 2081 συμπεσούσης
845 1994 936 2087 αὐτῷ
945 2004 1003 2084 τῆς
1015 2004 1121 2077 οίκίας

162 2088 335 2159 ἀπώλοντο
352 2089 372 2177 ἡ
389 2089 475 2178 γυνή
493 2094 547 2160 καὶ
559 2097 593 2161 οί
604 2097 727 2172 παῖδες.
759 2097 814 2162 καλ
825 2093 843 2163 ὁ
854 2096 915 2181 μὲν
925 2095 1120 2182 πυθόμενος

160 2188 223 2276 τήν
233 2188 413 2277 συμφοράν
424 2187 523 2282 ,ῶχετο
536 2195 675 2262 ἐνθένδε
685 2190 877 2263 ἀποπλέων·
898 2191 915 2263 ὁ
928 2193 1119 2279 δ”Αριστο-

160 2297 257 2376 κλής,
276 2295 586 2378 διαμαρτυραμένου
596 2301 659 2361 τοῦ
668 2291 856 2379 ἀνθρώπου
866 2297 1021 2363 ἐναντίον
1030 2320 1118 2381 μαρ-

160 2388 273 2472 τύρων
289 2388 334 2474 μή
350 2387 600 2475 ἀποφαίνεσθαι
621 2390 702 2459 καθ’
721 2390 828 2459 αὑτοῦ
847 2390 930 2459 ἀνευ
947 2400 1016 2461 τῶν
1032 2414 1118 2461 συν-

161 2489 353 2573 διαιτητῶν,
383 2485 657 2575 ἀποδημήσαντος
686 2498 748 2557 τοῦ
768 2488 954 2574 ἀνθρώπου
976 2489 1032 2559 διά
1053 2490 1118 2579 τήν

161 2581 341 2669 συμφοράν
363 2585 490 2672 έρήμην
510 2585 584 2654 κατ’
605 2585 710 2655 αὐτοῦ
731 2586 924 2674 ἀπεφήνατο
947 2588 1009 2677 τήν
1029 2594 1118 2658 δίαν-

117 2684 150 2734 Ἡ
161 2708 233 2747 ταν.
263 2683 318 2749 καὶ
329 2682 393 2767 έγῶ
410 2687 472 2768 μέν
489 2687 544 2752 καλ
560 2683 761 2770 ὁΦῶκριτος
773 2689 810 2754 έν
825 2702 895 2766 ταῖς
907 2684 1020 2767 αάταῖς
1032 2707 1118 2756 συν-

161 2778 284 2862 θήκαις
294 2783 525 2866 γεγραμμένοι,
538 2781 589 2848 ὅτι
602 2779 854 2870 ἠμφισβήτησεν
865 2777 963 2866 οὗτος
972 2783 1016 2872 μή
1030 2784 1116 2855 εἶναι

159 2873 247 2962 ἡμᾶς
264 2877 429 2963 διαιτητάς
451 2875 565 2967 αὐτῷ,
589 2880 758 2967 ἐφύγομεν
774 2882 812 2950 τὸ
830 2889 1007 2970 διαιτήσαι’
1041 2882 1060 2954 ὁ
1080 2882 1111 2952 δ’

161 2972 203 3042 οὐ
224 2973 330 3061 μόνον
351 2972 629 3065 ἀμφισβητηθείς,
654 2977 737 3048 ἀλλά
758 2982 814 3050 καὶ
834 2980 1029 3071 ἀπορρηθὲν
1051 2984 1115 3051 αὖ·

160 3080 222 3159 τῷ,
251 3071 350 3142 οὐδὲν
375 3067 476 3162 ήττον
497 3077 558 3163 τήν
580 3076 749 3163 ἀπόφασιν
770 3081 954 3167 έποιήσατο.
990 3080 1011 3152 δ
1031 3081 1113 3151 οὔθ’

159 3168 257 3255 ὑμῶν
274 3172 351 3242 οὔτε
360 3183 428 3242 τῶν
441 3175 553 3244 ἀλλων
566 3174 752 3263 Ἀθηναίων
768 3175 944 3265 ὑπομείναι
960 3176 1005 3249 ἀν
1015 3189 1114 3269 ποιή-

159 3286 215 3336 σαι
228 3269 346 3351 οὐδείς.

112 3373 146 3426 22
236 3366 276 3434 “A
290 3372 353 3446 μὲν
369 3364 433 3437 οὖν
450 3375 526 3458 περὶ
541 3372 604 3464 τήν
615 3373 774 3460 ἀφάνισιν
784 3385 851 3444 τῶν
863 3386 1046 3459 συνθηκῶν
1056 3382 1112 3449 καί
