2370 3854
115 228 177 294 132
341 229 424 285 xxll.
451 221 870 285 ΔΗΜΟΣΘΕΝΟΥΣ

116 388 197 477 ύμῖν
220 393 446 474 καταγνοῦσιν
467 378 550 470 ἢμὴ
567 382 752 451 θεάσασθε.
786 387 818 450 εί
834 381 896 469 μὲν
913 379 1073 471 ἀπογνῶ-
1115 382 1117 421 ³

116 497 230 573 σεσθε,
250 488 303 554 ἐπὶ
312 498 379 563 τοῖς
390 487 525 569 λέγουσι
534 478 573 549 τδ
585 480 830 568 βουλευτήριον
839 486 951 569 ἔσται,
966 480 1030 552 ἐάν
1039 482 1073 552 δδ

116 591 323 671 καταγνῶτε,
341 584 394 651 ἐπὶ
411 595 478 661 τοῖς
496 579 658 659 ἰδιώταις·
681 580 854 666 ἑορακότες
870 579 936 668 γάρ
947 586 1075 652 οίτιολ-

116 688 168 754 λοὶ
192 684 246 752 διά
268 682 418 770 τὴντῶν
440 680 609 766 λεγόντων
636 685 801 766 πονηρίαν
821 678 918 768 τήνδ’
940 677 1075 771 ἀφηρη-

117 787 223 872 μένην
242 784 305 869 την
324 780 454 868 βουλην
475 777 538 847 τόν
559 782 743 865 στέφανον,
773 777 847 865 ούχὶ
867 778 1117 865 προύσονταιας

116 885 247 961 τούτοις
271 880 329 960 τοὶς
354 880 505 965 πράξεις,
528 875 613 946 ἀλλά
636 876 677 945 τά
698 875 841 964 βέλτιστ’
854 879 993 963 ἐροῦσιν
1010 874 1073 945 αύ-

119 990 177 1051 τοί.
218 988 250 1050 εί
264 983 300 1049 δὲ
319 979 494 1066 γενήσεται
508 979 674 1045 τοῦτοκαὶ
689 973 1073 1062 τῶνηθάδωνπαδσυν-

118 1081 307 1166 εστηκότων
343 1076 495 1166 ῥητόρων
520 1073 813 1163 ἀπαλλαγήσεσθε,
867 1073 1015 1160 ὄψεσθε,
1047 1066 1074 1143 ἀ

119 1178 241 1262 ἀνδρες
255 1176 441 1262 Ἀθηναῖοι,
458 1172 559 1243 πάνθ’
574 1170 595 1241 δ
612 1174 774 1261 προσήκει
783 1172 975 1261 γιγνόμενα.
999 1170 1074 1243 ὥστ’

120 1284 151 1346 εί
159 1274 300 1363 μηδενὸς
311 1273 416 1344 ἀλλον
428 1275 527 1342 ἕνεκα
538 1325 547 1359 ,
560 1273 615 1341 διά
626 1280 731 1341 ταῦτα
741 1274 1024 1360 καταψηφιστέον.

76 1404 111 1458 38
195 1371 236 1442 ⁰0
247 1380 363 1442 τοίνυν
382 1376 497 1459 ἕτερον
514 1379 566 1441 δεῖ
579 1374 624 1459 μὴ
635 1381 756 1440 λαθεῖν
771 1369 874 1458 ὑμᾶς,
898 1368 1073 1441 ἀκούσατε.

120 1484 198 1552 ῖσως
215 1471 417 1559 ἀναβήσεται
433 1474 488 1540 καὶ
505 1486 642 1554 συνερεῖ
654 1479 695 1560 τῇ
712 1478 820 1558 βουλῇ
837 1476 1004 1551 Φίλιππος
1020 1472 1075 1540 καὶ

117 1571 302 1656 Ἀντιγένης
318 1572 374 1638 καὶ
391 1569 408 1638 ὁ
428 1568 652 1657 ἀντιγραφεὺς
668 1574 727 1636 καί
740 1595 827 1647 τινες
844 1567 958 1653 ἀλλοι,
979 1573 1075 1653 οἵπερ

119 1673 189 1738 ἐκεῖ
198 1666 238 1735 δι’
251 1668 380 1735 ἑαυτῶν
392 1667 480 1754 εἶχον
490 1666 571 1753 μετὰ
582 1668 706 1735 τούτου
716 1666 753 1737 τὸ
766 1667 1009 1754 βουλευτήριον
1020 1671 1076 1737 καὶ

119 1768 249 1837 τούτων
265 1774 333 1834 τῶν
350 1774 464 1835 κακῶν
481 1773 566 1835 εἰσιν
583 1776 691 1835 αῖτιοι.
727 1769 781 1834 δεῖ
795 1765 835 1853 δη
848 1766 977 1844 πάντας
986 1762 1075 1852 ὑμᾶς

120 1867 318 1953 γιγνῶσκειν
330 1864 380 1933 ὅτι
391 1867 521 1944 τούτοις
532 1868 599 1932 ἐστὶ
611 1864 672 1951 μὲν
689 1862 710 1950 ἡ
721 1865 889 1950 πρόφασις
898 1870 957 1951 τῆς
968 1883 1076 1952 συνη-

120 1972 234 2049 γορίας
245 1972 287 2052 τῇ
298 1971 405 2052 βουλῇ
417 1972 575 2051 βοηθεῖν,
594 1971 636 2051 τῇ
654 1962 685 2030 δ’
700 1961 840 2053 ἀληθεία
856 1961 942 2051 ὑπὲρ
960 1960 1076 2032 αύτῶν

121 2061 343 2148 ἀγωνιοῦνται
359 2064 415 2130 καὶ
432 2071 500 2130 τῶν
510 2059 670 2130 εὐθυνῶν
676 2113 685 2147 ,
708 2059 748 2141 ἀς
770 2059 892 2140 αὐτούς
912 2062 1076 2149 προσήκει

76 2166 242 2235 39δούναι
259 2168 328 2229 τῶν
345 2164 595 2249 πεπραγμένων.
630 2165 695 2248 ἔχει
710 2159 775 2247 γάρ
793 2158 909 2240 οὕτως.
951 2155 997 2229 ἀν
1012 2160 1077 2247 μὲν

121 2260 294 2349 ἀπογνῶτε
304 2259 366 2350 τὴν
375 2261 511 2350 γραφὴν
521 2260 656 2348 ταύτην,
668 2258 812 2338 ἀπαυτίς
827 2265 912 2327 εἰσιν
923 2255 1073 2346 ἀπηλλα-

120 2365 235 2448 γμένοι
252 2363 309 2430 καὶ
327 2368 422 2448 δίκην
439 2360 549 2440 ούδεῖς
566 2358 726 2445 οὐδεμίαν
743 2357 787 2445 μη
805 2362 869 2447 δῶ·
890 2363 940 2436 τίς
950 2354 1016 2444 γὰρ
1026 2354 1074 2425 ἔτ’

122 2456 165 2525 ἀν
178 2467 442 2543 καταυηφίσαιτο
455 2464 602 2540 ἐκείνων,
613 2458 674 2543 τὴν
684 2453 815 2543 βουλὴν
825 2452 922 2542 ὑμῶν
931 2457 1087 2541 ἔστεψα--

123 2557 298 2641 νωκύτων,
320 2549 361 2641 ἧς
383 2549 479 2624 οὗτοι
496 2559 721 2642 προίστασαν;
743 2554 804 2624 ἐὰν
820 2555 856 2624 δὲ
872 2563 1076 2641 καταγνῶτε,

122 2661 258 2737 πρῶτον
275 2653 337 2740 μὲν
353 2653 393 2721 τοὶ
418 2653 542 2741 εὔορκα
560 2652 667 2724 ἔσεσθ’
685 2659 921 2743 ἐψηφισμένοι,
945 2653 1006 2723 εἶτ’
1023 2656 1078 2723 ἐπὶ

122 2766 191 2828 ταῖς
208 2750 370 2830 εὐθύναις
386 2755 527 2823 ἕκαστον
543 2755 675 2823 τούτων
692 2754 936 2843 λαμβάνοντες,
959 2752 997 2834 ὃς
1013 2756 1077 2841 μὲν

123 2843 167 2916 ἀν
177 2845 258 2935 ὑμῖν
268 2847 393 2919 ἀδικεῖν
405 2855 497 2940 δοκῇ,
509 2854 677 2941 κολοίσετε,
691 2851 728 2932 ὃς
741 2850 773 2920 δ’
786 2849 830 2921 ἀν
840 2851 896 2940 μη,
908 2850 972 2922 τότ’
984 2849 1078 2939 ἀφή-

123 2969 204 3015 σετε.
237 2947 282 3035 μὴ
294 2941 358 3016 οὖν
376 2946 420 3030 ῶς
435 2948 521 3034 ὑπὲρ
538 2962 594 3039 τῆς
612 2960 738 3041 βουλῆς
754 2952 924 3039 λεγόντων
940 2953 1078 3021 καὶτῶν

121 3052 255 3115 πολλῶν
266 3044 422 3133 ἀκούετε,
445 3047 513 3118 ἀλλ’
527 3048 571 3131 ῶς
587 3050 673 3138 ὑπὲρ
693 3049 807 3120 αύτῶν
819 3055 1075 3140 παρακρουομέ-

119 3170 190 3223 νοις
200 3145 378 3232 ὀργιῖεσθε.

77 3265 111 3315 40
191 3240 265 3313 Ἔτι
275 3253 392 3315 τοίνυν
410 3246 541 3334 Ἀρχίαν
560 3247 653 3335 οἶμαι
668 3247 731 3317 τάν
741 3254 916 3338 Χολαργέα
927 3251 998 3337 (καὶ
1009 3250 1077 3335 γὰρ

119 3332 217 3420 οὗτος
227 3343 728 3436 ἐβούλευεπέρυσιν)ῶςέπιεικῆ
736 3350 918 3436 δεήσεσθαι
927 3350 1078 3418 καὶσνν·

119 3452 207 3520 ερεῖν
223 3439 344 3522 αὐτοῖς.
390 3443 454 3529 ἑγῶ
490 3444 523 3513 δ’
552 3444 644 3532 οἶμαι
672 3452 743 3517 δεῖν
769 3446 833 3517 ῶδί
847 3473 917 3528 πως
936 3447 1077 3517 ἀκούειν
