2370 3854
322 208 465 268 ΠΡΟΣ
485 209 738 270 ONHTOPA
757 215 798 276 A.
972 214 1034 276 359

86 366 227 450 ἀνελεῖν,
240 368 272 446 ἐξ
284 364 430 452 ἀνάγκης
440 363 615 451 ὑπέλιπεν,
634 365 705 435 ὥστ’
720 374 914 455 ἐγγενέσθαι
925 374 1031 460 τούτῳ

43 473 150 539 οςνῦν
161 463 400 549 αύτηςτῆςγῆς
411 461 638 549 ἀμφισβητεῖν.
662 471 768 532 καίτοι
780 465 891 534 δεινόν
902 468 1031 555 τὸνμὲν

84 565 193 647 λέγειν
210 558 253 640 ἀς
271 560 491 646 ἀπετιμήσατο
508 560 545 629 τό
557 567 695 649 χωρίον,
717 562 821 632 τόνδ’
835 563 1031 654 ἀποτετιμη-

82 660 164 728 κότα
175 665 355 745 φαίνεσθαι
366 666 593 743 γεωργοῦντα,
611 661 667 728 καὶ
684 660 897 749 φάσκεινμέυ
908 661 1030 733 ἀπολε-

82 759 230 826 λοιπέναι
244 754 307 843 την
323 754 490 843 ἀδελφὴν,
507 754 592 840 ὑπὲρ
610 756 721 826 αὐτῶν
739 759 774 827 δὲ
784 761 913 828 τούτων
924 788 1030 847 φανε-

83 854 144 939 ρόν
155 853 240 922 εἶναι
250 854 419 939 φεύγοντα
429 852 676 940 τούςέλέγχονς,
684 858 739 923 καὶ
749 855 810 924 τὸν
821 858 881 942 μὲν
892 856 934 926 ού
945 879 1027 926 συν-

82 959 255 1038 οικοῦντα,
279 947 323 1029 ὡς
340 943 438 1029 ούτός
455 974 552 1038 φησι,
572 957 627 1020 καὶ
642 952 721 1032 τούς
744 954 892 1038 καρπούς
911 959 966 1024 καὶ
986 955 1025 1024 τά
1037 966 1089 1019 872

81 1055 116 1117 ἐκ
134 1058 192 1136 της
208 1057 367 1137 γεωργίας
384 1048 497 1117 ἅπαντ’
518 1053 714 1137 ἐξενεγκεῖν,
736 1050 796 1120 τὸν
819 1052 849 1120 δ’
870 1051 953 1139 ὑπὲρ
971 1063 1028 1141 τῆς

81 1147 334 1226 ἀπολελοιπυίας
345 1148 540 1231 πράττοντα,
552 1146 635 1231 ὑπὲρ
645 1140 684 1233 ἦς
694 1147 956 1237 ἀποτετιμῆσθαί
963 1180 1028 1240 φη-

82 1267 114 1312 σι
125 1249 309 1332 τόχωρίου,
329 1252 508 1330 φαίνεσθαι
523 1241 600 1329 μηδ’
613 1243 697 1330 ὑπὲρ
717 1246 790 1325 ἑνός
804 1250 934 1316 τούτων
945 1248 1027 1334 ἀγα-

39 1355 283 1428 κονακτοῦυτα,
302 1341 370 1411 ἀλλ’
382 1341 521 1429 ἡσυχίαν
538 1349 662 1427 ἔχοντα.
696 1345 787 1411 ταῦτ’
799 1344 841 1412 ού
851 1345 956 1434 πολλὴ
969 1372 1026 1414 πε-

82 1441 238 1527 ριφάνειά
255 1445 338 1522 ἐστι;
361 1438 450 1508 ταῦτ’
475 1439 536 1526 ούχ
557 1437 804 1528 ὁμολογουμένη
827 1450 1026 1526 προστασίας

82 1541 201 1627 φήσειέ
214 1540 242 1626 γ’
255 1539 299 1606 ἀν
315 1567 379 1624 τις,
400 1545 430 1607 εί
446 1539 647 1623 διαλογίζοιτ’
660 1537 773 1624 ὀρθῶς
789 1537 893 1606 ἕκαστ’
906 1539 1026 1607 αὐτῶν.

83 1638 126 1718 ὡς
136 1645 252 1706 τοίνυν
269 1635 432 1723 ἀμολόγει
448 1637 510 1721 μὲν
525 1640 653 1704 ἐκεῖνον
671 1651 830 1722 γεωργεῖν
845 1638 925 1721 πρὶν
934 1643 1028 1723 γενέ-

82 1747 162 1804 σθαι
178 1737 240 1822 τὴν
258 1739 353 1822 δίκην
367 1737 440 1822 ἐμοὶ
451 1733 534 1820 πρός
545 1731 658 1820 αὐτόν,
671 1733 755 1820 ὑπὲρ
768 1735 804 1803 δὲ
813 1744 875 1804 τοῦ
885 1734 929 1822 μη
943 1757 1027 1804 συν-

80 1850 183 1904 οικεῖν
209 1833 269 1921 τὴν
295 1830 445 1919 ἀδελφὴν
473 1831 535 1900 ούκ
568 1829 713 1919 ἠθέλησε
739 1833 942 1919 ποιήσασθαι
967 1834 1028 1921 την

80 1937 247 2022 βάσανον,
270 1930 291 2020 ἡ
311 1936 346 2001 δὲ
362 1937 506 2019 γεωργία
522 1929 743 2016 ἐξεσκευάσθη
761 1927 841 2015 μετά
858 1930 922 2017 την
932 1935 1028 2017 δίκην

80 2032 168 2119 πλὴν
186 2040 255 2100 τῶν
278 2035 429 2117 ἐγγείων,
453 2031 532 2116 λαβὲ
554 2031 676 2110 ταύτας
699 2028 757 2108 τάς
776 2036 957 2115 μαρτυρίας
973 2032 1027 2098 καὶ

78 2132 261 2216 ἀνάγνωθι.

424 2283 630 2343 MAPTYPI
631 2284 684 2343 AI.

39 2447 70 2500 31
161 2426 248 2514 Ἐμοὶ
263 2437 378 2497 τοίνυν
401 2427 571 2495 τοσούτων
592 2426 810 2514 ὑπαρχόντων
832 2433 1027 2515 τεκμηρίων,

81 2525 141 2613 οὐχ
158 2524 262 2614 ἥκιστ’
279 2524 379 2606 αύτός
402 2530 524 2606 ἔδειξεν
542 2523 686 2612 Ὀνήτωρ
704 2525 756 2594 ότι
780 2523 842 2594 ούκ
861 2523 1028 2613 ἀληθινὴν

81 2629 255 2714 ἐποιήσατο
273 2624 336 2713 την
358 2623 542 2707 ἀπόλειψιν.
583 2616 692 2714 ᾦγάρ
713 2633 860 2712 προσῆκε
880 2633 1028 2711 χαλεπῶς

83 2732 213 2812 φέρειν,
226 2731 257 2794 εί
265 2724 327 2811 την
337 2739 457 2811 προῖκα
468 2723 564 2807 δούς,
588 2722 761 2808 όίςφησιυ,
783 2720 851 2789 ἀντ’
865 2718 1028 2808 ἀργυρίου

80 2830 204 2909 χωρίον
215 2821 531 2910 ἀμφισβητούμενον
541 2818 791 2910 ἀπελάμβανεν,
804 2813 902 2900 οὗτος
910 2818 975 2905 ούχ
985 2818 1029 2898 ὡς

81 2921 241 3004 διάφορος
257 2917 331 2986 οὐδ’
351 2919 395 2998 ὡς
420 2918 654 3006 ἀδικούμενος,
677 2917 747 2988 ἀλλ’
766 2916 809 2998 ὡς
830 2918 1028 2996 οἰκειότατος

79 3018 215 3086 πάντων
226 3015 287 3102 τὴν
298 3018 380 3103 πρὸς
390 3017 446 3103 ἐμὲ
458 3022 554 3103 δίκην
570 3015 662 3106 αὐτῷ
673 3021 921 3101 συνηγωνίζετο.
945 3013 1029 3099 κάμὲ

81 3118 142 3204 μὲν
159 3126 445 3204 συναποστερῆσαι
461 3113 528 3203 μετ’
540 3118 669 3182 ἐκείνου
686 3121 755 3180 τῶν
771 3112 936 3200 πατρῴων
952 3117 1028 3179 ἐπε-

80 3212 308 3303 χείρησε,.καθ’
318 3212 399 3281 ὅσον
410 3213 510 3293 αὐτὸς
524 3210 592 3291 οἷός
602 3238 637 3279 τε
648 3205 701 3301 ἦν,
714 3209 771 3295 ὑφ’
780 3203 822 3278 ού
831 3207 937 3279 κακόν
949 3205 1026 3277 οὐδ’

81 3313 196 3382 ὁτιοῦν
213 3306 258 3399 ἦν
274 3315 466 3392 πεπονθός·
484 3311 617 3401 Ἀφόβῳ
629 3308 673 3394 δ’,
692 3308 732 3378 ὃν
750 3308 927 3394 ἀλλότριον
944 3307 1027 3377 εἶναι
1138 3364 1139 3367 ¹

81 3415 399 3501 προσῆκενομίζειν,
423 3421 457 3481 εί
468 3438 498 3480 τι
509 3410 638 3480 τούτων
649 3401 826 3497 ἀληθέςῆν
837 3398 886 3476 ἀν
897 3415 962 3475 νύν
972 3410 1028 3477 λε’-
