2370 3854
160 191 226 256 430
345 194 468 252 XXXVI.
507 191 927 254 ΔΗΜΟΣΘΕΝΟῬΣ

162 352 244 420 ὅταν
260 353 321 437 μὲν
331 359 448 420 τοίνυν
457 350 520 438 τῆν
530 351 699 437 διαθήκην
711 348 865 438 ἀρνῆται,
890 354 926 420 έκ
936 361 1026 434 τίνος
1036 355 1120 439 πρό·

165 459 398 538 πουπρεσβεῑα
413 449 528 539 λαβοδν
545 449 607 536 τῆν
622 456 797 519 συνοικίαν
813 451 896 518 κατὰ
912 449 975 537 τῆν
993 454 1118 540 διαθή-

159 575 224 634 κην
236 555 316 637 ἔχει,
336 550 429 619 τοῦτ’
448 546 584 636 ἐρωτᾶτ’
598 545 713 616 αὐτόν.
745 545 787 616 οὐ
797 546 861 634 γάρ
873 550 980 617 ἐκεῖνό
991 549 1023 635 γ’
1038 553 1118 636 ἐρεῖ,

159 645 204 725 ἀς
214 645 278 715 ὅσα
288 649 350 735 μὲν
361 657 570 717 πλεονεκτεῖν
581 645 675 716 τόνδ’
687 651 831 732 ἔγραψεν
841 645 859 715 ὁ
870 646 994 734 πατὴρ,
1014 642 1116 733 κύριοί

113 760 148 815 35
158 748 227 812 ἐστι
237 754 295 832 τῆς
306 748 487 834 διαθήκης,
498 744 538 814 τά
549 743 580 812 δ’
594 745 678 813 ἀλλα
690 743 808 830 ἀκυρα.
832 743 913 812 ὅταν
925 743 957 812 δ’
969 745 1035 815 ὑπὸ
1047 754 1119 814 τοῖν

157 847 257 910 τοῦδε
275 841 489 930 ὑποσχέσεων
498 839 690 926 ὑπάγεσθαι
701 850 764 929 φῆ,
787 839 954 928 μέμνησθ’
966 841 1115 930 ὅτιμάρ-

157 966 260 1026 τυρας
268 939 350 1027 ὑμῖν
359 941 606 1026 παρεσχήμεθα,
614 946 648 1007 οἳ
653 940 776 1025 χρόνον
785 937 895 1006 πολὺν
903 937 996 1007 τοῦδ’
1008 937 1117 1025 ἀπηλ-

158 1041 325 1123 λαγμένου
346 1040 511 1123 μισθωταὶ
532 1036 663 1116 τούτοις
684 1039 854 1121 ἐγίγνοντο
876 1045 936 1123 τῆς
955 1043 1115 1124 τραπέζης

158 1141 212 1205 καὶ
223 1144 284 1205 τοῦ
295 1135 564 1224 ἀσπιδοπηγείου.
598 1144 704 1205 καίτοι
714 1133 803 1220 τόθ’,
815 1133 957 1221 ὁπηνίκα
969 1139 1114 1220 ἐμίσθω-

158 1256 218 1303 σεν
236 1239 391 1323 ἐκείνοις,
413 1235 493 1324 τῷδ’
513 1240 663 1321 ἐγκαλεῖν
674 1242 872 1320 παραχρῆμα
884 1238 998 1321 ἐχρῆν,
1021 1244 1114 1317 είπερ

158 1332 271 1420 ἀληθῆ
286 1326 331 1420 ῆν
351 1331 435 1416 ὑπὲρ
454 1327 503 1401 ὦν
517 1331 587 1401 τότ’
607 1331 704 1417 ἀφεὶς
723 1341 789 1400 νῦν
810 1331 917 1422 τούτῳ
941 1333 1114 1413 δικάζεται.

160 1429 204 1510 ὡς
214 1438 331 1499 τοίνυν
342 1428 454 1518 ἀληθῆ
464 1434 565 1516 λέγω,
582 1433 637 1498 καὶ
649 1431 808 1518 πρεσβεία
819 1457 855 1497 τε
866 1429 928 1517 τῆν
939 1439 1115 1501 συνοικίαν

62 1564 64 1569 r
160 1535 255 1616 ἔλαβε
267 1528 350 1597 κατὰ
361 1529 423 1615 τῆν
435 1530 603 1615 διαθήκην
620 1531 676 1598 καί
696 1533 780 1620 τῷδε
791 1527 851 1615 οὐχ
863 1527 952 1608 ὅπως
963 1534 1114 1617 ἐγκαλεῖν

160 1625 242 1713 ᾤετο
253 1631 339 1713 δεῖν,
352 1625 425 1695 ἀλλ’
439 1628 553 1716 έπήνει
560 1679 570 1714 ,
582 1628 663 1714 λαβὲ
673 1626 736 1714 τῆν
745 1637 938 1715 μαρτυρίαν.

513 1801 756 1862 ΜΑΡΤΥΡΙΑ.

114 1933 148 1990 36
236 1923 308 1990 Ἵνα
318 1928 568 2009 τοίνυν-εἰδῆτε,
593 1916 1112 2012 ἀάνδρεςἉθηναίοι,ὅσαχρῆ-

158 2020 235 2108 ματ’
246 2027 330 2108 ἔχων
341 2024 377 2090 ἐκ
387 2028 455 2089 των
464 2021 665 2108 μισθώσεων
673 2025 728 2090 καὶ
738 2025 774 2090 ἐκ
782 2029 851 2090 τῶν
858 2031 965 2109 χρεων
975 2021 1018 2103 ὡς
1027 2021 1112 2090 ἀπο-

159 2129 229 2244 ρῶν
244 2123 300 2190 καὶ
319 2120 427 2190 πάντα
444 2117 664 2199 ἀπολωλεκως
680 2117 860 2207 ὀδυρεῖται,
882 2119 1112 2208 βραχέαῆμων

158 2219 333 2291 ἀκούσατε.
365 2212 463 2297 οὗτος
478 2216 543 2305 γάρ
562 2223 598 2287 ἐκ
610 2218 671 2307 μὲν
681 2247 751 2288 των
760 2246 868 2306 χρεων
878 2246 964 2307 υμου
951 2216 1109 2287 ταλαντ
1120 2224 1174 2280 956

158 2331 284 2389 είκοσιν
301 2321 537 2404 εἰσπέπρακται
553 2321 589 2386 ἐκ
606 2345 674 2386 των
692 2317 895 2405 γραμμάτων
913 2309 990 2386 ωνὸ
1003 2316 1110 2404 πατήρ

156 2421 345 2501 κατέλιπεν,
363 2420 418 2484 καὶ
429 2443 558 2485 τουτων
569 2423 634 2503 ἔχει
644 2413 829 2503 πλέονητα
840 2414 955 2503 ῆμίση·
977 2423 1112 2484 πολλῶν

112 2528 146 2584 37
156 2516 220 2601 γὰρ
230 2511 271 2582 τά
282 2517 363 2600 μέρη
375 2514 437 2582 τδυ
447 2512 596 2599 ἀδελφὸν
607 2512 784 2599 ἀπεστέρει.
808 2516 843 2581 ἐκ
856 2512 892 2581 δὲ
902 2539 969 2580 των
979 2514 1112 2596 μισθω-

157 2633 260 2698 σεων,
283 2609 370 2679 ὀκτώ
387 2613 450 2697 μὲν
466 2616 551 2680 ἐτῶν
568 2609 759 2698 ἀΦορμίων
777 2609 839 2694 εἶχε
856 2607 919 2693 τῆν
935 2608 1108 2691 τράπεζαν,

156 2708 361 2795 ὀγδοήκοντα
379 2718 464 2793 μνᾶς
473 2717 536 2776 τοῦ
546 2714 700 2776 ἐνιαυτοῦ
712 2707 867 2786 ἑκάστου,
889 2700 925 2771 τὸ
937 2701 1040 2790 ῆμισυ
1049 2711 1109 2789 τῆς

156 2806 236 2891 ὅλης
245 2805 456 2891 μισθώσεως·
478 2807 533 2872 καὶ
543 2804 638 2872 ταῦτ’
649 2809 716 2871 ἐστι
727 2807 805 2870 δέκα
816 2799 959 2869 τάλαυτα
972 2804 1026 2870 καί
1036 2827 1109 2869 τετ-

155 2903 343 2989 ταράκοντα
354 2913 447 2988 μναί·
460 2904 539 2970 δέκα
551 2900 584 2968 δ’
595 2905 679 2970 έτων
689 2897 769 2987 μετὰ
778 2909 892 2984 ταῦτα,
905 2894 954 2968 ἀν
963 2904 1108 2987 ἐμίσθω-

157 3024 222 3072 σαν
243 3002 386 3088 ὕστερον
402 3005 530 3079 Ξένωνι
549 3003 605 3069 καὶ
623 2997 785 3088 λδάφραίω
806 3001 861 3068 καὶ
878 2998 1033 3086 Εὔφρονι
1053 3000 1109 3067 καὶ

107 3119 142 3173 38
158 3100 412 3192 Καλλιστράτῳ,
424 3100 588 3169 τάλαντον
598 3107 660 3169 τοῦ
671 3101 827 3168 ἐνιαυτοῦ
838 3100 988 3168 ἐκάστου.
1010 3100 1108 3185 χωρίς

158 3202 193 3270 δὲ
210 3201 354 3284 τούτων,
377 3204 461 3268 ἐτων
480 3210 560 3279 ἴσως
572 3209 677 3269 είκοσι
686 3206 743 3286 τῆς
753 3201 786 3279 ἐξ
798 3196 898 3284 ἀρχῆς
909 3201 1108 3284 νεμηθείσης

157 3297 289 3385 οὐσίας,
310 3291 350 3386 ῆς
367 3297 468 3378 αὐτὸς
485 3302 686 3386 ἐπεμελεῖτο,
710 3297 768 3376 τὰς
779 3296 983 3382 προσόδους,
1005 3297 1108 3361 πλέον

156 3391 180 3484 ή
191 3406 276 3484 μναῖς
286 3397 471 3480 τριάκοντα.
506 3395 565 3467 ἐάν
575 3396 608 3464 δ’
620 3396 749 3465 ἅπαντα
762 3402 926 3482 συνθῆτε,
949 3391 1012 3460 ὅσα
1022 3392 1108 3458 ἐνεί-
