<?xml version="1.0" encoding="UTF-8"?>
<!DOCTYPE html PUBLIC "-//W3C//DTD XHTML 1.0 Transitional//EN"
    "http://www.w3.org/TR/xhtml1/DTD/xhtml1-transitional.dtd">
<html xmlns="http://www.w3.org/1999/xhtml" xml:lang="en" lang="en">
 <head>
  <title>
</title>
<meta http-equiv="Content-Type" content="text/html;charset=utf-8" />
  <meta name='ocr-system' content='tesseract 3.04.00' />
  <meta name='ocr-capabilities' content='ocr_page ocr_carea ocr_par ocr_line ocrx_word'/>
</head>
<body>
  <div class='ocr_page' id='page_1' title='image "./orationesexrece01demogoog_0036.png"; bbox 0 0 2370 3854; ppageno 0'>
   <div class='ocr_carea' id='block_1_1' title="bbox 353 216 1113 305">
    <p class='ocr_par' dir='ltr' id='par_1_1' title="bbox 353 216 1113 305">
     <span class='ocr_line' id='line_1_1' title="bbox 353 216 1113 305; baseline 0.003 -2"><span class='ocrx_word' id='word_1_1' title='bbox 353 240 495 303; x_wconf 67' lang='lat'><em>111202:</em></span> <span class='ocrx_word' id='word_1_2' title='bbox 524 239 817 303; x_wconf 74' lang='lat' dir='ltr'><em>AEHTINHN.</em></span> <span class='ocrx_word' id='word_1_3' title='bbox 1024 243 1066 305; x_wconf 74' lang='grc' dir='ltr'><strong><em>τε</em></strong></span> <span class='ocrx_word' id='word_1_4' title='bbox 1110 216 1113 221; x_wconf 75' lang='grc'><strong>’</strong></span> 
     </span>
    </p>
   </div>
   <div class='ocr_carea' id='block_1_2' title="bbox 64 395 1159 3551">
    <p class='ocr_par' dir='ltr' id='par_1_2' title="bbox 66 395 1066 1377">
     <span class='ocr_line' id='line_1_2' title="bbox 110 395 1066 495; baseline -0.003 -22"><span class='ocrx_word' id='word_1_5' title='bbox 110 411 188 495; x_wconf 83' lang='grc' dir='ltr'><strong><em>ρίφ,</em></strong></span> <span class='ocrx_word' id='word_1_6' title='bbox 205 400 286 482; x_wconf 75' lang='grc' dir='ltr'><strong><em>τοὺς</em></strong></span> <span class='ocrx_word' id='word_1_7' title='bbox 296 403 333 471; x_wconf 72' lang='grc' dir='ltr'><strong><em>δέ</em></strong></span> <span class='ocrx_word' id='word_1_8' title='bbox 343 400 468 488; x_wconf 90' lang='grc' dir='ltr'><strong><em>νόμους</em></strong></span> <span class='ocrx_word' id='word_1_9' title='bbox 478 397 616 487; x_wconf 81' lang='grc' dir='ltr'><strong><em>αότοδς,</em></strong></span> <span class='ocrx_word' id='word_1_10' title='bbox 633 397 713 468; x_wconf 89' lang='grc' dir='ltr'><strong><em>καθ’</em></strong></span> <span class='ocrx_word' id='word_1_11' title='bbox 727 395 787 480; x_wconf 73' lang='grc' dir='ltr'><strong><em>οὓς</em></strong></span> <span class='ocrx_word' id='word_1_12' title='bbox 797 404 852 469; x_wconf 84' lang='grc' dir='ltr'><strong><em>καλ</em></strong></span> <span class='ocrx_word' id='word_1_13' title='bbox 861 400 993 482; x_wconf 75' lang='grc' dir='ltr'><strong><em>τούτοις</em></strong></span> <span class='ocrx_word' id='word_1_14' title='bbox 1003 401 1066 490; x_wconf 83' lang='grc' dir='ltr'><strong><em>άρ·</em></strong></span> 
     </span>
     <span class='ocr_line' id='line_1_3' title="bbox 108 499 1065 590; baseline -0.002 -18"><span class='ocrx_word' id='word_1_15' title='bbox 108 530 178 590; x_wconf 81' lang='grc' dir='ltr'><strong><em>χειν</em></strong></span> <span class='ocrx_word' id='word_1_16' title='bbox 189 505 244 571; x_wconf 83' lang='grc' dir='ltr'><strong><em>καὶ</em></strong></span> <span class='ocrx_word' id='word_1_17' title='bbox 254 509 336 570; x_wconf 89' lang='grc' dir='ltr'><strong><em>πάσι</em></strong></span> <span class='ocrx_word' id='word_1_18' title='bbox 352 514 421 581; x_wconf 79' lang='grc' dir='ltr'><strong><em>τοῖς</em></strong></span> <span class='ocrx_word' id='word_1_19' title='bbox 435 499 547 578; x_wconf 80' lang='grc' dir='ltr'><strong><em>ἄλλοις</em></strong></span> <span class='ocrx_word' id='word_1_20' title='bbox 562 499 797 567; x_wconf 85' lang='grc' dir='ltr'><strong><em>πολιτεύεσθαι</em></strong></span> <span class='ocrx_word' id='word_1_21' title='bbox 814 501 991 589; x_wconf 75' lang='grc' dir='ltr'><strong><em>προσήκει,</em></strong></span> <span class='ocrx_word' id='word_1_22' title='bbox 1012 504 1065 570; x_wconf 73' lang='grc' dir='ltr'><strong><em>ἐπὶ</em></strong></span> 
     </span>
     <span class='ocr_line' id='line_1_4' title="bbox 109 595 1065 686; baseline -0.003 -16"><span class='ocrx_word' id='word_1_23' title='bbox 109 608 233 686; x_wconf 83' lang='grc' dir='ltr'><strong><em>καιροῦ</em></strong></span> <span class='ocrx_word' id='word_1_24' title='bbox 242 603 414 685; x_wconf 74' lang='grc' dir='ltr'><strong><em>τεθέντας,</em></strong></span> <span class='ocrx_word' id='word_1_25' title='bbox 427 597 518 677; x_wconf 83' lang='grc' dir='ltr'><strong><em>ὅπως</em></strong></span> <span class='ocrx_word' id='word_1_26' title='bbox 528 602 660 684; x_wconf 79' lang='grc' dir='ltr'><strong><em>ἔτυχον,</em></strong></span> <span class='ocrx_word' id='word_1_27' title='bbox 673 595 717 684; x_wconf 81' lang='grc' dir='ltr'><strong><em>μη</em></strong></span> <span class='ocrx_word' id='word_1_28' title='bbox 728 601 990 685; x_wconf 72' lang='grc' dir='ltr'><strong><em>δοκιμασθέντας</em></strong></span> <span class='ocrx_word' id='word_1_29' title='bbox 1000 627 1065 669; x_wconf 85' lang='grc' dir='ltr'><strong><em>κν·</em></strong></span> 
     </span>
     <span class='ocr_line' id='line_1_5' title="bbox 66 693 1065 788; baseline -0.003 -19"><span class='ocrx_word' id='word_1_30' title='bbox 66 707 203 788; x_wconf 81' lang='grc' dir='ltr'><strong><em>91ρίους</em></strong></span> <span class='ocrx_word' id='word_1_31' title='bbox 214 699 306 769; x_wconf 79' lang='grc' dir='ltr'><strong><em>εἶναι.</em></strong></span> <span class='ocrx_word' id='word_1_32' title='bbox 330 701 385 767; x_wconf 77' lang='grc' dir='ltr'><strong><em>καὶ</em></strong></span> <span class='ocrx_word' id='word_1_33' title='bbox 395 697 459 784; x_wconf 90' lang='grc' dir='ltr'><strong><em>γάρ</em></strong></span> <span class='ocrx_word' id='word_1_34' title='bbox 469 722 521 764; x_wconf 91' lang='grc' dir='ltr'><strong><em>τοι</em></strong></span> <span class='ocrx_word' id='word_1_35' title='bbox 530 695 604 764; x_wconf 90' lang='grc' dir='ltr'><strong><em>τότε</em></strong></span> <span class='ocrx_word' id='word_1_36' title='bbox 614 693 676 782; x_wconf 69' lang='grc' dir='ltr'><strong><em>μέν</em></strong></span> <span class='ocrx_word' id='word_1_37' title='bbox 681 747 691 781; x_wconf 89' lang='grc'><strong><em>,</em></strong></span> <span class='ocrx_word' id='word_1_38' title='bbox 702 697 765 776; x_wconf 76' lang='grc' dir='ltr'><strong><em>ἕως</em></strong></span> <span class='ocrx_word' id='word_1_39' title='bbox 775 695 835 765; x_wconf 86' lang='grc' dir='ltr'><strong><em>τόν</em></strong></span> <span class='ocrx_word' id='word_1_40' title='bbox 848 698 976 784; x_wconf 89' lang='grc' dir='ltr'><strong><em>τρόπον</em></strong></span> <span class='ocrx_word' id='word_1_41' title='bbox 984 706 1065 767; x_wconf 81' lang='grc' dir='ltr'><strong><em>τοῦ·</em></strong></span> 
     </span>
     <span class='ocr_line' id='line_1_6' title="bbox 109 791 1063 886; baseline -0.005 -17"><span class='ocrx_word' id='word_1_42' title='bbox 109 826 170 869; x_wconf 90' lang='grc' dir='ltr'><strong><em>τον</em></strong></span> <span class='ocrx_word' id='word_1_43' title='bbox 181 803 424 886; x_wconf 76' lang='grc' dir='ltr'><strong><em>ἐνομοθέτουν,</em></strong></span> <span class='ocrx_word' id='word_1_44' title='bbox 435 810 503 875; x_wconf 84' lang='grc' dir='ltr'><strong><em>τοϊς</em></strong></span> <span class='ocrx_word' id='word_1_45' title='bbox 512 794 574 882; x_wconf 75' lang='grc' dir='ltr'><strong><em>μέν</em></strong></span> <span class='ocrx_word' id='word_1_46' title='bbox 584 791 772 880; x_wconf 75' lang='grc' dir='ltr'><strong><em>ὑπάρχουσι</em></strong></span> <span class='ocrx_word' id='word_1_47' title='bbox 782 793 897 881; x_wconf 86' lang='grc' dir='ltr'><strong><em>νόμοις</em></strong></span> <span class='ocrx_word' id='word_1_48' title='bbox 908 798 1063 884; x_wconf 68' lang='grc' dir='ltr'><strong><em>έγροῖντο,</em></strong></span> 
     </span>
     <span class='ocr_line' id='line_1_7' title="bbox 109 890 1064 982; baseline -0.004 -14"><span class='ocrx_word' id='word_1_49' title='bbox 109 895 284 977; x_wconf 80' lang='grc' dir='ltr'><strong><em>καινοδςδ</em></strong></span> <span class='ocrx_word' id='word_1_50' title='bbox 298 893 360 965; x_wconf 75' lang='grc' dir='ltr'><strong><em>οὐκ</em></strong></span> <span class='ocrx_word' id='word_1_51' title='bbox 371 898 541 964; x_wconf 78' lang='grc' dir='ltr'><strong><em>ἐτίθεσαν·</em></strong></span> <span class='ocrx_word' id='word_1_52' title='bbox 553 890 664 979; x_wconf 76' lang='grc' dir='ltr'><strong><em>ἐπειδὴ</em></strong></span> <span class='ocrx_word' id='word_1_53' title='bbox 676 895 713 962; x_wconf 74' lang='grc' dir='ltr'><strong><em>δέ</em></strong></span> <span class='ocrx_word' id='word_1_54' title='bbox 721 901 789 962; x_wconf 78' lang='grc' dir='ltr'><strong><em>τάν</em></strong></span> <span class='ocrx_word' id='word_1_55' title='bbox 798 897 1064 982; x_wconf 78' lang='grc' dir='ltr'><strong><em>πολιτευομένων</em></strong></span> 
     </span>
     <span class='ocr_line' id='line_1_8' title="bbox 108 990 1065 1081; baseline -0.002 -16"><span class='ocrx_word' id='word_1_56' title='bbox 108 998 195 1076; x_wconf 76' lang='grc' dir='ltr'><strong><em>τινές</em></strong></span> <span class='ocrx_word' id='word_1_57' title='bbox 206 996 423 1081; x_wconf 87' lang='grc' dir='ltr'><strong><em>δυνηθέντες,</em></strong></span> <span class='ocrx_word' id='word_1_58' title='bbox 436 990 481 1072; x_wconf 75' lang='grc' dir='ltr'><strong><em>ὡς</em></strong></span> <span class='ocrx_word' id='word_1_59' title='bbox 490 990 555 1078; x_wconf 78' lang='grc' dir='ltr'><strong><em>έγά</em></strong></span> <span class='ocrx_word' id='word_1_60' title='bbox 567 992 800 1079; x_wconf 87' lang='grc' dir='ltr'><strong><em>πυνθάνομαι,</em></strong></span> <span class='ocrx_word' id='word_1_61' title='bbox 817 997 1065 1064; x_wconf 81' lang='grc' dir='ltr'><strong><em>κατεσκεύασαν</em></strong></span> 
     </span>
     <span class='ocr_line' id='line_1_9' title="bbox 110 1087 1065 1179; baseline -0.002 -17"><span class='ocrx_word' id='word_1_62' title='bbox 110 1092 222 1172; x_wconf 70' lang='grc' dir='ltr'><strong><em>αὐτοῖς</em></strong></span> <span class='ocrx_word' id='word_1_63' title='bbox 232 1098 349 1174; x_wconf 80' lang='grc' dir='ltr'><strong><em>έξεῑναι</em></strong></span> <span class='ocrx_word' id='word_1_64' title='bbox 360 1100 573 1179; x_wconf 75' lang='grc' dir='ltr'><strong><em>νομοθετεῖν,</em></strong></span> <span class='ocrx_word' id='word_1_65' title='bbox 585 1087 667 1158; x_wconf 85' lang='grc' dir='ltr'><strong><em>όταν</em></strong></span> <span class='ocrx_word' id='word_1_66' title='bbox 677 1117 726 1170; x_wconf 87' lang='grc' dir='ltr'><strong><em>τις</em></strong></span> <span class='ocrx_word' id='word_1_67' title='bbox 735 1089 894 1178; x_wconf 79' lang='grc' dir='ltr'><strong><em>βούληται</em></strong></span> <span class='ocrx_word' id='word_1_68' title='bbox 904 1094 960 1161; x_wconf 80' lang='grc' dir='ltr'><strong><em>καὶ</em></strong></span> <span class='ocrx_word' id='word_1_69' title='bbox 970 1090 1012 1162; x_wconf 84' lang='grc' dir='ltr'><strong><em>δν</em></strong></span> <span class='ocrx_word' id='word_1_70' title='bbox 1021 1089 1065 1160; x_wconf 85' lang='grc' dir='ltr'><strong><em>άν</em></strong></span> 
     </span>
     <span class='ocr_line' id='line_1_10' title="bbox 108 1187 1066 1280; baseline 0 -20"><span class='ocrx_word' id='word_1_71' title='bbox 108 1194 191 1280; x_wconf 85' lang='grc' dir='ltr'><strong><em>τάχη</em></strong></span> <span class='ocrx_word' id='word_1_72' title='bbox 208 1187 351 1276; x_wconf 90' lang='grc' dir='ltr'><strong><em>τρόπον,</em></strong></span> <span class='ocrx_word' id='word_1_73' title='bbox 372 1197 526 1257; x_wconf 81' lang='grc' dir='ltr'><strong><em>τοσοῦτοι</em></strong></span> <span class='ocrx_word' id='word_1_74' title='bbox 541 1188 605 1276; x_wconf 76' lang='grc' dir='ltr'><strong><em>μὲν</em></strong></span> <span class='ocrx_word' id='word_1_75' title='bbox 620 1192 656 1257; x_wconf 87' lang='grc' dir='ltr'><strong><em>οί</em></strong></span> <span class='ocrx_word' id='word_1_76' title='bbox 671 1190 816 1258; x_wconf 81' lang='grc' dir='ltr'><strong><em>ἐναντίοι</em></strong></span> <span class='ocrx_word' id='word_1_77' title='bbox 827 1197 943 1277; x_wconf 91' lang='grc' dir='ltr'><strong><em>σφίσιν</em></strong></span> <span class='ocrx_word' id='word_1_78' title='bbox 953 1188 1066 1271; x_wconf 71' lang='grc' dir='ltr'><strong><em>αὐτοῖς</em></strong></span> 
     </span>
     <span class='ocr_line' id='line_1_11' title="bbox 109 1283 1065 1377; baseline -0.003 -17"><span class='ocrx_word' id='word_1_79' title='bbox 109 1296 171 1361; x_wconf 77' lang='grc' dir='ltr'><strong><em>εἰσὶ</em></strong></span> <span class='ocrx_word' id='word_1_80' title='bbox 187 1289 286 1377; x_wconf 92' lang='grc' dir='ltr'><strong><em>νόμοι</em></strong></span> <span class='ocrx_word' id='word_1_81' title='bbox 308 1288 392 1357; x_wconf 74' lang='grc' dir='ltr'><strong><em>ὥστε</em></strong></span> <span class='ocrx_word' id='word_1_82' title='bbox 408 1283 627 1375; x_wconf 73' lang='grc' dir='ltr'><strong><em>χειροτονεσθ’</em></strong></span> <span class='ocrx_word' id='word_1_83' title='bbox 650 1283 743 1372; x_wconf 72' lang='grc' dir='ltr'><strong><em>ὑμεῖς</em></strong></span> <span class='ocrx_word' id='word_1_84' title='bbox 762 1286 841 1367; x_wconf 82' lang='grc' dir='ltr'><strong><em>τούς</em></strong></span> <span class='ocrx_word' id='word_1_85' title='bbox 858 1292 1065 1369; x_wconf 75' lang='grc' dir='ltr'><strong><em>διαλέξοντας</em></strong></span> 
     </span>
    </p>

    <p class='ocr_par' dir='ltr' id='par_1_3' title="bbox 64 1383 1159 2164">
     <span class='ocr_line' id='line_1_12' title="bbox 64 1383 1125 1474; baseline -0.009 -14"><span class='ocrx_word' id='word_1_86' title='bbox 64 1408 99 1462; x_wconf 80' lang='lat'><strong><em>92</em></strong></span> <span class='ocrx_word' id='word_1_87' title='bbox 109 1388 188 1469; x_wconf 82' lang='grc' dir='ltr'><strong><em>τούς</em></strong></span> <span class='ocrx_word' id='word_1_88' title='bbox 199 1391 370 1463; x_wconf 79' lang='grc' dir='ltr'><strong><em>ἐναντίους</em></strong></span> <span class='ocrx_word' id='word_1_89' title='bbox 380 1387 432 1452; x_wconf 81' lang='grc' dir='ltr'><strong><em>ἐπὶ</em></strong></span> <span class='ocrx_word' id='word_1_90' title='bbox 443 1384 622 1469; x_wconf 79' lang='grc' dir='ltr'><strong><em>πάμπολυν</em></strong></span> <span class='ocrx_word' id='word_1_91' title='bbox 630 1383 694 1470; x_wconf 78' lang='grc' dir='ltr'><strong><em>ἤδη</em></strong></span> <span class='ocrx_word' id='word_1_92' title='bbox 704 1383 844 1471; x_wconf 86' lang='grc' dir='ltr'><strong><em>χρόνον,</em></strong></span> <span class='ocrx_word' id='word_1_93' title='bbox 862 1389 918 1454; x_wconf 77' lang='grc' dir='ltr'><strong><em>καὶ</em></strong></span> <span class='ocrx_word' id='word_1_94' title='bbox 928 1387 965 1455; x_wconf 81' lang='grc' dir='ltr'><strong><em>τὸ</em></strong></span> <span class='ocrx_word' id='word_1_95' title='bbox 978 1395 1125 1474; x_wconf 52' lang='grc' dir='ltr'><strong><em>πρά-485</em></strong></span> 
     </span>
     <span class='ocr_line' id='line_1_13' title="bbox 110 1483 1065 1575; baseline 0 -19"><span class='ocrx_word' id='word_1_96' title='bbox 110 1515 177 1575; x_wconf 91' lang='grc' dir='ltr'><strong><em>γμα</em></strong></span> <span class='ocrx_word' id='word_1_97' title='bbox 188 1484 288 1554; x_wconf 75' lang='grc' dir='ltr'><strong><em>οὐδέν</em></strong></span> <span class='ocrx_word' id='word_1_98' title='bbox 298 1492 424 1571; x_wconf 85' lang='grc' dir='ltr'><strong><em>μάλλον</em></strong></span> <span class='ocrx_word' id='word_1_99' title='bbox 432 1483 572 1550; x_wconf 83' lang='grc' dir='ltr'><strong><em>δύναται</em></strong></span> <span class='ocrx_word' id='word_1_100' title='bbox 582 1483 683 1565; x_wconf 80' lang='grc' dir='ltr'><strong><em>πέρας</em></strong></span> <span class='ocrx_word' id='word_1_101' title='bbox 694 1487 790 1568; x_wconf 77' lang='grc' dir='ltr'><strong><em>ἔχειν,</em></strong></span> <span class='ocrx_word' id='word_1_102' title='bbox 804 1483 1025 1570; x_wconf 71' lang='grc' dir='ltr'><strong><em>ψηφισμάτων</em></strong></span> <span class='ocrx_word' id='word_1_103' title='bbox 1036 1483 1065 1556; x_wconf 84' lang='grc' dir='ltr'><strong><em>δ’</em></strong></span> 
     </span>
     <span class='ocr_line' id='line_1_14' title="bbox 110 1579 1067 1672; baseline 0 -19"><span class='ocrx_word' id='word_1_104' title='bbox 110 1582 184 1653; x_wconf 82' lang='grc' dir='ltr'><strong><em>οὐδ’</em></strong></span> <span class='ocrx_word' id='word_1_105' title='bbox 209 1581 324 1652; x_wconf 84' lang='grc' dir='ltr'><strong><em>ὁτιοῦν</em></strong></span> <span class='ocrx_word' id='word_1_106' title='bbox 341 1585 559 1669; x_wconf 82' lang='grc' dir='ltr'><strong><em>διαφέρουσιν</em></strong></span> <span class='ocrx_word' id='word_1_107' title='bbox 575 1585 610 1649; x_wconf 82' lang='grc' dir='ltr'><strong><em>οί</em></strong></span> <span class='ocrx_word' id='word_1_108' title='bbox 622 1580 736 1669; x_wconf 89' lang='grc' dir='ltr'><strong><em>νόμοι,</em></strong></span> <span class='ocrx_word' id='word_1_109' title='bbox 760 1579 844 1651; x_wconf 86' lang='grc' dir='ltr'><strong><em>άλλά</em></strong></span> <span class='ocrx_word' id='word_1_110' title='bbox 859 1583 1016 1672; x_wconf 74' lang='grc' dir='ltr'><strong><em>νεώτεροι</em></strong></span> <span class='ocrx_word' id='word_1_111' title='bbox 1032 1589 1067 1654; x_wconf 87' lang='grc' dir='ltr'><strong><em>οί</em></strong></span> 
     </span>
     <span class='ocr_line' id='line_1_15' title="bbox 109 1679 1065 1772; baseline -0.003 -19"><span class='ocrx_word' id='word_1_112' title='bbox 109 1685 223 1772; x_wconf 88' lang='grc' dir='ltr'><strong><em>νόμοι,</em></strong></span> <span class='ocrx_word' id='word_1_113' title='bbox 246 1679 328 1751; x_wconf 87' lang='grc' dir='ltr'><strong><em>καθ’</em></strong></span> <span class='ocrx_word' id='word_1_114' title='bbox 348 1679 407 1761; x_wconf 78' lang='grc' dir='ltr'><strong><em>οὕς</em></strong></span> <span class='ocrx_word' id='word_1_115' title='bbox 423 1680 465 1751; x_wconf 84' lang='grc' dir='ltr'><strong><em>τά</em></strong></span> <span class='ocrx_word' id='word_1_116' title='bbox 482 1686 677 1768; x_wconf 82' lang='grc' dir='ltr'><strong><em>ψηφίσματα</em></strong></span> <span class='ocrx_word' id='word_1_117' title='bbox 697 1684 748 1749; x_wconf 75' lang='grc' dir='ltr'><strong><em>δεῖ</em></strong></span> <span class='ocrx_word' id='word_1_118' title='bbox 766 1679 973 1769; x_wconf 89' lang='grc' dir='ltr'><strong><em>γράφεσθαι,</em></strong></span> <span class='ocrx_word' id='word_1_119' title='bbox 994 1691 1065 1751; x_wconf 75' lang='grc' dir='ltr'><strong><em>τῶν</em></strong></span> 
     </span>
     <span class='ocr_line' id='line_1_16' title="bbox 109 1771 1063 1871; baseline -0.004 -19"><span class='ocrx_word' id='word_1_120' title='bbox 109 1782 331 1871; x_wconf 80' lang='grc' dir='ltr'><strong><em>ψηφισμάτων</em></strong></span> <span class='ocrx_word' id='word_1_121' title='bbox 343 1778 456 1849; x_wconf 72' lang='grc' dir='ltr'><strong><em>αὐτῶν</em></strong></span> <span class='ocrx_word' id='word_1_122' title='bbox 467 1777 548 1866; x_wconf 75' lang='grc' dir='ltr'><strong><em>ὑμίν</em></strong></span> <span class='ocrx_word' id='word_1_123' title='bbox 559 1784 657 1848; x_wconf 87' lang='grc' dir='ltr'><strong><em>είσίν·</em></strong></span> <span class='ocrx_word' id='word_1_124' title='bbox 675 1776 720 1847; x_wconf 81' lang='grc' dir='ltr'><strong><em>ἵν’</em></strong></span> <span class='ocrx_word' id='word_1_125' title='bbox 734 1771 798 1847; x_wconf 76' lang='grc' dir='ltr'><strong><em>οὖν</em></strong></span> <span class='ocrx_word' id='word_1_126' title='bbox 808 1777 852 1865; x_wconf 76' lang='grc' dir='ltr'><strong><em>μὴ</em></strong></span> <span class='ocrx_word' id='word_1_127' title='bbox 863 1779 968 1866; x_wconf 86' lang='grc' dir='ltr'><strong><em>λόγον</em></strong></span> <span class='ocrx_word' id='word_1_128' title='bbox 979 1783 1063 1866; x_wconf 84' lang='grc' dir='ltr'><strong><em>λέγω</em></strong></span> 
     </span>
     <span class='ocr_line' id='line_1_17' title="bbox 110 1872 1159 1969; baseline -0.004 -19"><span class='ocrx_word' id='word_1_129' title='bbox 110 1883 233 1969; x_wconf 91' lang='grc' dir='ltr'><strong><em>μόνον,</em></strong></span> <span class='ocrx_word' id='word_1_130' title='bbox 246 1878 331 1950; x_wconf 86' lang='grc' dir='ltr'><strong><em>άλλά</em></strong></span> <span class='ocrx_word' id='word_1_131' title='bbox 343 1877 469 1949; x_wconf 79' lang='grc' dir='ltr'><strong><em>καὶτὸν</em></strong></span> <span class='ocrx_word' id='word_1_132' title='bbox 481 1879 588 1966; x_wconf 93' lang='grc' dir='ltr'><strong><em>νόμον</em></strong></span> <span class='ocrx_word' id='word_1_133' title='bbox 599 1874 853 1964; x_wconf 84' lang='grc' dir='ltr'><strong><em>αότδνόνφημι</em></strong></span> <span class='ocrx_word' id='word_1_134' title='bbox 865 1881 971 1964; x_wconf 83' lang='grc' dir='ltr'><strong><em>δείξω,</em></strong></span> <span class='ocrx_word' id='word_1_135' title='bbox 983 1880 1067 1965; x_wconf 80' lang='grc' dir='ltr'><strong><em>λαβέ</em></strong></span> <span class='ocrx_word' id='word_1_136' title='bbox 1157 1872 1159 1877; x_wconf 58' lang='grc'>’</span> 
     </span>
     <span class='ocr_line' id='line_1_18' title="bbox 110 1969 1064 2066; baseline -0.003 -18"><span class='ocrx_word' id='word_1_137' title='bbox 110 2006 167 2066; x_wconf 93' lang='grc' dir='ltr'><strong><em>μοι</em></strong></span> <span class='ocrx_word' id='word_1_138' title='bbox 183 1978 245 2047; x_wconf 84' lang='grc' dir='ltr'><strong><em>τόν</em></strong></span> <span class='ocrx_word' id='word_1_139' title='bbox 260 1979 366 2064; x_wconf 91' lang='grc' dir='ltr'><strong><em>νόμον</em></strong></span> <span class='ocrx_word' id='word_1_140' title='bbox 379 1975 461 2046; x_wconf 79' lang='grc' dir='ltr'><strong><em>καθ’</em></strong></span> <span class='ocrx_word' id='word_1_141' title='bbox 481 1974 522 2046; x_wconf 84' lang='grc' dir='ltr'><strong><em>δν</em></strong></span> <span class='ocrx_word' id='word_1_142' title='bbox 536 1969 624 2063; x_wconf 81' lang='grc' dir='ltr'><strong><em>ἦσαν</em></strong></span> <span class='ocrx_word' id='word_1_143' title='bbox 643 1979 678 2044; x_wconf 85' lang='grc' dir='ltr'><strong><em>οί</em></strong></span> <span class='ocrx_word' id='word_1_144' title='bbox 692 1973 858 2064; x_wconf 88' lang='grc' dir='ltr'><strong><em>πρότερον</em></strong></span> <span class='ocrx_word' id='word_1_145' title='bbox 873 1981 1064 2065; x_wconf 86' lang='grc' dir='ltr'><strong><em>νομοθέται.</em></strong></span> 
     </span>
     <span class='ocr_line' id='line_1_19' title="bbox 111 2083 193 2164; baseline 0.012 -18"><span class='ocrx_word' id='word_1_146' title='bbox 111 2083 193 2164; x_wconf 88' lang='grc' dir='ltr'><strong><em>λέγε.</em></strong></span> 
     </span>
    </p>

    <p class='ocr_par' dir='ltr' id='par_1_4' title="bbox 499 2181 678 2242">
     <span class='ocr_line' id='line_1_20' title="bbox 499 2181 678 2242; baseline -0.006 0"><span class='ocrx_word' id='word_1_147' title='bbox 499 2181 537 2242; x_wconf 90' lang='grc' dir='ltr'><em>Ν</em></span> <span class='ocrx_word' id='word_1_148' title='bbox 537 2181 678 2242; x_wconf 83' lang='grc' dir='ltr'><strong><em>ΟΜΟΣ.</em></strong></span> 
     </span>
    </p>

    <p class='ocr_par' dir='ltr' id='par_1_5' title="bbox 67 2265 1116 2952">
     <span class='ocr_line' id='line_1_21' title="bbox 67 2265 1066 2360; baseline -0.009 -11"><span class='ocrx_word' id='word_1_149' title='bbox 67 2296 102 2350; x_wconf 83' lang='lat'><strong><em>93</em></strong></span> <span class='ocrx_word' id='word_1_150' title='bbox 194 2271 337 2344; x_wconf 80' lang='grc' dir='ltr'><strong><em>Συνίεθ’</em></strong></span> <span class='ocrx_word' id='word_1_151' title='bbox 350 2271 391 2341; x_wconf 82' lang='grc' dir='ltr'><strong><em>όν</em></strong></span> <span class='ocrx_word' id='word_1_152' title='bbox 401 2273 543 2356; x_wconf 91' lang='grc' dir='ltr'><strong><em>τρόπον,</em></strong></span> <span class='ocrx_word' id='word_1_153' title='bbox 556 2265 584 2339; x_wconf 78' lang='grc' dir='ltr'><strong><em>ά</em></strong></span> <span class='ocrx_word' id='word_1_154' title='bbox 594 2269 714 2357; x_wconf 88' lang='grc' dir='ltr'><strong><em>άνδρες</em></strong></span> <span class='ocrx_word' id='word_1_155' title='bbox 723 2269 903 2360; x_wconf 74' lang='grc' dir='ltr'><strong><em>Ἀθηναῖοι,</em></strong></span> <span class='ocrx_word' id='word_1_156' title='bbox 914 2270 933 2339; x_wconf 87' lang='grc' dir='ltr'><strong><em>ὁ</em></strong></span> <span class='ocrx_word' id='word_1_157' title='bbox 944 2272 1066 2340; x_wconf 84' lang='grc' dir='ltr'><strong><em>Σόλων</em></strong></span> 
     </span>
     <span class='ocr_line' id='line_1_22' title="bbox 110 2367 1066 2456; baseline -0.002 -16"><span class='ocrx_word' id='word_1_158' title='bbox 110 2374 189 2449; x_wconf 80' lang='grc' dir='ltr'><strong><em>τοὺς</em></strong></span> <span class='ocrx_word' id='word_1_159' title='bbox 209 2371 336 2456; x_wconf 91' lang='grc' dir='ltr'><strong><em>νόμους</em></strong></span> <span class='ocrx_word' id='word_1_160' title='bbox 352 2367 396 2448; x_wconf 82' lang='grc' dir='ltr'><strong><em>ὡς</em></strong></span> <span class='ocrx_word' id='word_1_161' title='bbox 412 2376 522 2447; x_wconf 75' lang='grc' dir='ltr'><strong><em>καλῶς</em></strong></span> <span class='ocrx_word' id='word_1_162' title='bbox 538 2367 666 2436; x_wconf 81' lang='grc' dir='ltr'><strong><em>κελεύει</em></strong></span> <span class='ocrx_word' id='word_1_163' title='bbox 682 2370 831 2454; x_wconf 84' lang='grc' dir='ltr'><strong><em>τιθέναι,</em></strong></span> <span class='ocrx_word' id='word_1_164' title='bbox 854 2369 1066 2456; x_wconf 68' lang='grc' dir='ltr'><strong><em>πρῶτονμὲν</em></strong></span> 
     </span>
     <span class='ocr_line' id='line_1_23' title="bbox 112 2460 1116 2554; baseline 0.002 -18"><span class='ocrx_word' id='word_1_165' title='bbox 112 2467 190 2553; x_wconf 84' lang='grc' dir='ltr'><strong><em>παρ’</em></strong></span> <span class='ocrx_word' id='word_1_166' title='bbox 203 2464 294 2554; x_wconf 80' lang='grc' dir='ltr'><strong><em>ὑμῖν,</em></strong></span> <span class='ocrx_word' id='word_1_167' title='bbox 306 2480 375 2546; x_wconf 77' lang='grc' dir='ltr'><strong><em>τοις</em></strong></span> <span class='ocrx_word' id='word_1_168' title='bbox 385 2465 586 2554; x_wconf 80' lang='grc' dir='ltr'><strong><em>ὀμωμοκόσι,</em></strong></span> <span class='ocrx_word' id='word_1_169' title='bbox 598 2463 680 2551; x_wconf 88' lang='grc' dir='ltr'><strong><em>παρ’</em></strong></span> <span class='ocrx_word' id='word_1_170' title='bbox 696 2460 812 2552; x_wconf 81' lang='grc' dir='ltr'><strong><em>οἷσπερ</em></strong></span> <span class='ocrx_word' id='word_1_171' title='bbox 824 2466 993 2536; x_wconf 82' lang='grc' dir='ltr'><strong><em>καλτάλλα</em></strong></span> <span class='ocrx_word' id='word_1_172' title='bbox 1003 2493 1064 2536; x_wconf 89' lang='grc' dir='ltr'><strong><em>κν-</em></strong></span> <span class='ocrx_word' id='word_1_173' title='bbox 1112 2532 1116 2538; x_wconf 89' lang='grc'>.</span> 
     </span>
     <span class='ocr_line' id='line_1_24' title="bbox 112 2557 1066 2655; baseline 0 -19"><span class='ocrx_word' id='word_1_174' title='bbox 112 2575 244 2654; x_wconf 82' lang='grc' dir='ltr'><strong><em>ροόται,</em></strong></span> <span class='ocrx_word' id='word_1_175' title='bbox 267 2571 376 2635; x_wconf 81' lang='grc' dir='ltr'><strong><em>ἔπειτα</em></strong></span> <span class='ocrx_word' id='word_1_176' title='bbox 392 2566 518 2635; x_wconf 88' lang='grc' dir='ltr'><strong><em>λάοντα</em></strong></span> <span class='ocrx_word' id='word_1_177' title='bbox 534 2564 613 2644; x_wconf 80' lang='grc' dir='ltr'><strong><em>τούς</em></strong></span> <span class='ocrx_word' id='word_1_178' title='bbox 627 2567 814 2652; x_wconf 78' lang='grc' dir='ltr'><strong><em>ἐναντίους,</em></strong></span> <span class='ocrx_word' id='word_1_179' title='bbox 835 2562 882 2633; x_wconf 68' lang='grc' dir='ltr'><strong><em>ἵν’</em></strong></span> <span class='ocrx_word' id='word_1_180' title='bbox 901 2560 947 2644; x_wconf 78' lang='grc' dir='ltr'><strong><em>εἷς</em></strong></span> <span class='ocrx_word' id='word_1_181' title='bbox 957 2557 980 2654; x_wconf 73' lang='grc' dir='ltr'><strong><em>ᾖ</em></strong></span> <span class='ocrx_word' id='word_1_182' title='bbox 990 2569 1066 2655; x_wconf 79' lang='grc' dir='ltr'><strong><em>περὶ</em></strong></span> 
     </span>
     <span class='ocr_line' id='line_1_25' title="bbox 111 2662 1064 2752; baseline 0.001 -18"><span class='ocrx_word' id='word_1_183' title='bbox 111 2673 180 2734; x_wconf 81' lang='grc' dir='ltr'><strong><em>τῶν</em></strong></span> <span class='ocrx_word' id='word_1_184' title='bbox 197 2665 306 2734; x_wconf 86' lang='grc' dir='ltr'><strong><em>όντων</em></strong></span> <span class='ocrx_word' id='word_1_185' title='bbox 326 2665 468 2734; x_wconf 79' lang='grc' dir='ltr'><strong><em>ἑκάστου</em></strong></span> <span class='ocrx_word' id='word_1_186' title='bbox 484 2665 588 2752; x_wconf 90' lang='grc' dir='ltr'><strong><em>νόμος</em></strong></span> <span class='ocrx_word' id='word_1_187' title='bbox 603 2665 658 2733; x_wconf 82' lang='grc' dir='ltr'><strong><em>καὶ</em></strong></span> <span class='ocrx_word' id='word_1_188' title='bbox 675 2662 720 2751; x_wconf 74' lang='grc' dir='ltr'><strong><em>μὴ</em></strong></span> <span class='ocrx_word' id='word_1_189' title='bbox 737 2662 818 2744; x_wconf 72' lang='grc' dir='ltr'><strong><em>τοὺς</em></strong></span> <span class='ocrx_word' id='word_1_190' title='bbox 834 2663 966 2743; x_wconf 86' lang='grc' dir='ltr'><strong><em>ίδιοότας</em></strong></span> <span class='ocrx_word' id='word_1_191' title='bbox 981 2662 1064 2735; x_wconf 83' lang='grc' dir='ltr'><strong><em>αότδ</em></strong></span> 
     </span>
     <span class='ocr_line' id='line_1_26' title="bbox 111 2761 1067 2854; baseline -0.001 -21"><span class='ocrx_word' id='word_1_192' title='bbox 111 2771 209 2833; x_wconf 87' lang='grc' dir='ltr'><strong><em>τοῦτο</em></strong></span> <span class='ocrx_word' id='word_1_193' title='bbox 220 2762 362 2852; x_wconf 78' lang='grc' dir='ltr'><strong><em>ταράττῃ</em></strong></span> <span class='ocrx_word' id='word_1_194' title='bbox 372 2765 429 2833; x_wconf 81' lang='grc' dir='ltr'><strong><em>καὶ</em></strong></span> <span class='ocrx_word' id='word_1_195' title='bbox 439 2770 517 2854; x_wconf 78' lang='grc' dir='ltr'><strong><em>ποιῇ</em></strong></span> <span class='ocrx_word' id='word_1_196' title='bbox 527 2771 596 2832; x_wconf 81' lang='grc' dir='ltr'><strong><em>τάν</em></strong></span> <span class='ocrx_word' id='word_1_197' title='bbox 607 2761 755 2843; x_wconf 76' lang='grc' dir='ltr'><strong><em>ἅπαντας</em></strong></span> <span class='ocrx_word' id='word_1_198' title='bbox 766 2761 1067 2844; x_wconf 81' lang='grc' dir='ltr'><strong><em>είδότωντούςυό-</em></strong></span> 
     </span>
     <span class='ocr_line' id='line_1_27' title="bbox 112 2856 1066 2952; baseline 0.002 -22"><span class='ocrx_word' id='word_1_199' title='bbox 112 2889 195 2950; x_wconf 83' lang='grc' dir='ltr'><strong><em>μους</em></strong></span> <span class='ocrx_word' id='word_1_200' title='bbox 212 2868 347 2932; x_wconf 90' lang='grc' dir='ltr'><strong><em>έλαττον</em></strong></span> <span class='ocrx_word' id='word_1_201' title='bbox 362 2867 465 2950; x_wconf 81' lang='grc' dir='ltr'><strong><em>ἔχειν,</em></strong></span> <span class='ocrx_word' id='word_1_202' title='bbox 486 2860 571 2932; x_wconf 85' lang='grc' dir='ltr'><strong><em>άλλά</em></strong></span> <span class='ocrx_word' id='word_1_203' title='bbox 589 2869 691 2931; x_wconf 78' lang='grc' dir='ltr'><strong><em>πᾶσιν</em></strong></span> <span class='ocrx_word' id='word_1_204' title='bbox 706 2856 731 2952; x_wconf 73' lang='grc' dir='ltr'><strong><em>ᾖ</em></strong></span> <span class='ocrx_word' id='word_1_205' title='bbox 748 2857 852 2932; x_wconf 80' lang='grc' dir='ltr'><strong><em>ταύτά</em></strong></span> <span class='ocrx_word' id='word_1_206' title='bbox 874 2860 1066 2950; x_wconf 72' lang='grc' dir='ltr'><strong><em>άναγνοέναι</em></strong></span> 
     </span>
    </p>

    <p class='ocr_par' dir='ltr' id='par_1_6' title="bbox 68 2959 1101 3551">
     <span class='ocr_line' id='line_1_28' title="bbox 68 2959 1065 3054; baseline 0.001 -24"><span class='ocrx_word' id='word_1_207' title='bbox 68 2979 103 3034; x_wconf 65' lang='grc'><strong><em>94</em></strong></span> <span class='ocrx_word' id='word_1_208' title='bbox 113 2964 165 3028; x_wconf 76' lang='grc' dir='ltr'><strong><em>καὶ</em></strong></span> <span class='ocrx_word' id='word_1_209' title='bbox 178 2971 302 3054; x_wconf 82' lang='grc' dir='ltr'><strong><em>μαθεῖν</em></strong></span> <span class='ocrx_word' id='word_1_210' title='bbox 312 2959 402 3031; x_wconf 83' lang='grc' dir='ltr'><strong><em>άπλά</em></strong></span> <span class='ocrx_word' id='word_1_211' title='bbox 412 2964 467 3031; x_wconf 82' lang='grc' dir='ltr'><strong><em>καὶ</em></strong></span> <span class='ocrx_word' id='word_1_212' title='bbox 477 2969 568 3050; x_wconf 83' lang='grc' dir='ltr'><strong><em>σαφῆ</em></strong></span> <span class='ocrx_word' id='word_1_213' title='bbox 580 2961 621 3030; x_wconf 86' lang='grc' dir='ltr'><strong><em>τά</em></strong></span> <span class='ocrx_word' id='word_1_214' title='bbox 633 2966 751 3031; x_wconf 90' lang='grc' dir='ltr'><strong><em>δίκαια.</em></strong></span> <span class='ocrx_word' id='word_1_215' title='bbox 785 2965 841 3033; x_wconf 81' lang='grc' dir='ltr'><strong><em>καὶ</em></strong></span> <span class='ocrx_word' id='word_1_216' title='bbox 859 2962 923 3050; x_wconf 82' lang='grc' dir='ltr'><strong><em>πρὸ</em></strong></span> <span class='ocrx_word' id='word_1_217' title='bbox 935 2964 1065 3032; x_wconf 79' lang='grc' dir='ltr'><strong><em>τούτων</em></strong></span> 
     </span>
     <span class='ocr_line' id='line_1_29' title="bbox 112 3058 1067 3153; baseline 0.002 -25"><span class='ocrx_word' id='word_1_218' title='bbox 112 3058 145 3144; x_wconf 88' lang='grc' dir='ltr'><strong><em>γ’</em></strong></span> <span class='ocrx_word' id='word_1_219' title='bbox 170 3063 321 3141; x_wconf 79' lang='grc' dir='ltr'><strong><em>ἐπέταξεν</em></strong></span> <span class='ocrx_word' id='word_1_220' title='bbox 342 3065 490 3131; x_wconf 76' lang='grc' dir='ltr'><strong><em>έκθελναι</em></strong></span> <span class='ocrx_word' id='word_1_221' title='bbox 511 3060 642 3146; x_wconf 82' lang='grc' dir='ltr'><strong><em>πρόσθε</em></strong></span> <span class='ocrx_word' id='word_1_222' title='bbox 657 3069 726 3131; x_wconf 72' lang='grc' dir='ltr'><strong><em>τῶν</em></strong></span> <span class='ocrx_word' id='word_1_223' title='bbox 743 3063 931 3148; x_wconf 86' lang='grc' dir='ltr'><strong><em>έπωνόμων</em></strong></span> <span class='ocrx_word' id='word_1_224' title='bbox 946 3063 1002 3130; x_wconf 78' lang='grc' dir='ltr'><strong><em>καὶ</em></strong></span> <span class='ocrx_word' id='word_1_225' title='bbox 1019 3069 1067 3153; x_wconf 75' lang='grc' dir='ltr'><strong><em>τῷ</em></strong></span> 
     </span>
     <span class='ocr_line' id='line_1_30' title="bbox 113 3157 1067 3249; baseline 0.007 -26"><span class='ocrx_word' id='word_1_226' title='bbox 113 3174 298 3244; x_wconf 75' lang='grc' dir='ltr'><strong><em>γραμματεῖ</em></strong></span> <span class='ocrx_word' id='word_1_227' title='bbox 310 3165 537 3247; x_wconf 83' lang='grc' dir='ltr'><strong><em>παραδοῦναι,</em></strong></span> <span class='ocrx_word' id='word_1_228' title='bbox 558 3168 680 3228; x_wconf 81' lang='grc' dir='ltr'><strong><em>τοῦτον</em></strong></span> <span class='ocrx_word' id='word_1_229' title='bbox 697 3157 730 3229; x_wconf 88' lang='grc' dir='ltr'><strong><em>δ’</em></strong></span> <span class='ocrx_word' id='word_1_230' title='bbox 747 3165 784 3230; x_wconf 84' lang='grc' dir='ltr'><strong><em>έν</em></strong></span> <span class='ocrx_word' id='word_1_231' title='bbox 800 3175 870 3240; x_wconf 80' lang='grc' dir='ltr'><strong><em>ταῖς</em></strong></span> <span class='ocrx_word' id='word_1_232' title='bbox 882 3162 1067 3249; x_wconf 76' lang='grc' dir='ltr'><strong><em>ἐκκλησίαις</em></strong></span> 
     </span>
     <span class='ocr_line' id='line_1_31' title="bbox 113 3255 1068 3346; baseline 0.003 -22"><span class='ocrx_word' id='word_1_233' title='bbox 113 3255 386 3346; x_wconf 73' lang='grc' dir='ltr'><strong><em>ἀναγιγνώσκειν,</em></strong></span> <span class='ocrx_word' id='word_1_234' title='bbox 393 3263 437 3328; x_wconf 80' lang='grc' dir='ltr'><strong><em>ἵν’</em></strong></span> <span class='ocrx_word' id='word_1_235' title='bbox 442 3261 578 3339; x_wconf 78' lang='grc' dir='ltr'><strong><em>ἕκαστος</em></strong></span> <span class='ocrx_word' id='word_1_236' title='bbox 588 3257 685 3345; x_wconf 79' lang='grc' dir='ltr'><strong><em>ὑμῶν</em></strong></span> <span class='ocrx_word' id='word_1_237' title='bbox 694 3258 839 3340; x_wconf 88' lang='grc' dir='ltr'><strong><em>άκοόσας</em></strong></span> <span class='ocrx_word' id='word_1_238' title='bbox 847 3261 1004 3340; x_wconf 88' lang='grc' dir='ltr'><strong><em>πολλάκις</em></strong></span> <span class='ocrx_word' id='word_1_239' title='bbox 1012 3263 1068 3328; x_wconf 76' lang='grc' dir='ltr'><strong><em>καὶ</em></strong></span> 
     </span>
     <span class='ocr_line' id='line_1_32' title="bbox 112 3350 1070 3448; baseline 0.003 -26"><span class='ocrx_word' id='word_1_240' title='bbox 112 3355 196 3423; x_wconf 87' lang='grc' dir='ltr'><strong><em>κατά</em></strong></span> <span class='ocrx_word' id='word_1_241' title='bbox 207 3355 561 3446; x_wconf 72' lang='grc' dir='ltr'><strong><em>σχοληνσκεψάμενος,</em></strong></span> <span class='ocrx_word' id='word_1_242' title='bbox 584 3350 725 3448; x_wconf 77' lang='grc' dir='ltr'><strong><em>άνῇκαλ</em></strong></span> <span class='ocrx_word' id='word_1_243' title='bbox 737 3361 845 3426; x_wconf 85' lang='grc' dir='ltr'><strong><em>δίκαια</em></strong></span> <span class='ocrx_word' id='word_1_244' title='bbox 862 3361 918 3427; x_wconf 82' lang='grc' dir='ltr'><strong><em>καὶ</em></strong></span> <span class='ocrx_word' id='word_1_245' title='bbox 937 3361 1070 3443; x_wconf 75' lang='grc' dir='ltr'><strong><em>συμφέ-</em></strong></span> 
     </span>
     <span class='ocr_line' id='line_1_33' title="bbox 111 3453 1101 3551; baseline -0.006 -30"><span class='ocrx_word' id='word_1_246' title='bbox 111 3479 226 3540; x_wconf 84' lang='grc' dir='ltr'><strong><em>ροντα,</em></strong></span> <span class='ocrx_word' id='word_1_247' title='bbox 241 3462 344 3524; x_wconf 74' lang='grc' dir='ltr'><strong><em>ταῦτα</em></strong></span> <span class='ocrx_word' id='word_1_248' title='bbox 360 3466 541 3551; x_wconf 79' lang='grc' dir='ltr'><strong><em>νομοθετῇ.</em></strong></span> <span class='ocrx_word' id='word_1_249' title='bbox 561 3458 696 3530; x_wconf 86' lang='grc' dir='ltr'><strong><em>τούτων</em></strong></span> <span class='ocrx_word' id='word_1_250' title='bbox 706 3463 829 3530; x_wconf 83' lang='grc' dir='ltr'><strong><em>τοίνυν</em></strong></span> <span class='ocrx_word' id='word_1_251' title='bbox 841 3457 1023 3529; x_wconf 71' lang='grc' dir='ltr'><strong><em>τοσοέιτωυ</em></strong></span> <span class='ocrx_word' id='word_1_252' title='bbox 1029 3453 1101 3517; x_wconf 66' lang='grc' dir='ltr'><strong><em>’ἐτυ-</em></strong></span> 
     </span>
    </p>
   </div>
   <div class='ocr_carea' id='block_1_3' title="bbox 0 0 1190 3854">
    <p class='ocr_par' dir='ltr' id='par_1_7' title="bbox 0 0 1190 3854">
     <span class='ocr_line' id='line_1_34' title="bbox 0 0 1190 3854; baseline 0 0"><span class='ocrx_word' id='word_1_253' title='bbox 0 0 1190 3854; x_wconf 95' lang='lat' dir='ltr'><strong><em> </em></strong></span> 
     </span>
    </p>
   </div>
  </div>
 </body>
</html>
