2370 3854
256 181 399 243 ΚΑΤΑ
420 184 883 250 ΑΡΙΣΤΟΚΡΑΤΟΤΣ.
977 188 1039 251 19⁹

85 366 146 419 νος
156 341 255 408 ἕνεκα
266 349 388 428 καιροῦ
399 351 650 430 περιπεποίηται
661 347 716 415 καί
727 351 984 419 διεσπούδασται
994 348 1038 438 μή
1153 399 1156 406 ·

40 444 202 525 83λαβεῖν
213 435 308 524 ῦμάς.
331 437 373 508 ὃν
384 438 426 507 οῦ
437 444 758 528 συμπαρασκευάσαι
774 445 850 515 καθ’
861 447 959 534 ῦμοῖν
976 446 1040 517 αῦ·

86 545 157 604 τοῖν
168 533 332 622 ὀφείλετε,
354 534 438 607 άλλά
455 547 605 609 κωλῦσαι
615 540 691 611 καθ’
705 541 788 613 ὅσον
799 546 961 631 δυνατὸν,
984 550 1039 617 καὶ

85 642 224 704 σκοπεῖν
234 633 324 714 ὅπως
334 634 379 723 μή
390 639 581 727 γενήσεται,
589 643 668 725 ἐπεὶ,
680 640 731 711 ὅτι
741 669 779 730 γε
791 640 917 713 οὐδ’άν
927 644 1039 713 ὁντιν-
1166 660 1169 665 ’

85 743 151 804 οῦν
160 732 280 821 καιρδυ
292 741 421 823 παρείη,
430 740 605 825 δεδήλωκε.
639 747 806 810 Φιλίππου
818 740 882 827 γάρ
896 749 941 823 είς
959 752 1039 812 Μα·

84 835 231 918 ράνειαν
247 834 407 914 ἐλθόντος
424 840 548 923 έπεμψε
565 836 648 924 πρὸς
665 837 769 908 αῦτόν
782 839 1037 928 Ἀπολλωνίδην,

85 940 210 1012 πίστεις
231 934 311 1013 δούς
322 936 439 1025 ἐκείνῳ
459 938 515 1006 καὶ
525 943 710 1024 Παμμένει·
733 940 789 1007 καί
806 946 836 1008 εί
851 940 895 1026 μή
907 949 1039 1023 κρατοῦν

84 1041 142 1120 τής
157 1031 265 1119 χώρας
278 1030 458 1119 Ἀμάδοκος
475 1033 593 1104 άπεῖπε
610 1043 762 1127 Φιλίππῳ
780 1037 823 1124 μή
847 1041 1037 1125 ἐπιβαίνειν,
1081 1039 1083 1042 ’

86 1130 189 1201 οῦδὲν
200 1127 244 1200 άν
254 1125 298 1219 ήν
308 1135 444 1222 ἐνμέσῳ
456 1142 612 1221 πολεμεῖν
629 1133 716 1222 ήμῦς
732 1133 816 1215 πρδς
827 1135 1099 1221 Καρδιανοδςσεε

84 1231 149 1318 ήδη
159 1234 215 1301 καί
224 1234 489 1320 Κερσοβλέπτην.
511 1235 567 1301 καὶ
578 1232 630 1301 ὅτι
639 1231 735 1300 ταῦτ’
747 1230 859 1320 άληθή
870 1236 965 1322 λε’γω,
978 1245 1038 1304 λα·

84 1330 123 1418 βέ
133 1328 196 1416 τήν
206 1329 356 1417 Χάρητος
367 1332 553 1418 ἐπιστολήν.

429 1491 676 1554 ΕΠΙΣΤΟΛΗ.
714 1558 716 1563 ,

40 1647 77 1702 84
174 1628 285 1688 Ταῦτα
295 1621 409 1707 μέντοι
425 1625 475 1689 δεῖ
491 1627 744 1709 σκοπουμένους
760 1622 909 1693 άπιστεῖν
925 1626 980 1693 καί
991 1621 1036 1712 μή

86 1728 313 1807 τετυφῶσθαι,
332 1717 410 1808 μηδ’
424 1718 469 1800 ὥς
489 1718 645 1811 εῦεργίτη
666 1726 839 1808 προσέχειν
860 1722 919 1791 τὸν
941 1730 1037 1790 νοῦν.

84 1818 125 1888 οῦ
138 1821 201 1906 γάρ
216 1812 264 1888 οἷν
275 1818 540 1907 ἀναγκαζόμενος
551 1829 647 1907 φίλος
658 1821 745 1889 είναί
754 1825 1039 1908 φησι,φενακίζων

84 1917 187 2005 ὑμᾶς,
205 1919 304 2005 χάριν
314 1922 381 1988 ἐστὶ
392 1923 522 1988 δίκαιον
532 1917 680 2007 ὀφείλειν
690 1921 940 2008 Κερσοβλέπτῃ,
960 1916 1036 1988 οὐδ’

86 2010 134 2088 ὧν
146 2017 247 2106 μικρά
258 2017 449 2089 ἀναλίσκων
466 2026 533 2109 ίδίςι
550 2022 606 2089 καὶ
621 2035 688 2099 τοῖς
700 2034 893 2107 στρατηγοῖς
903 2021 960 2088 καὶ
969 2031 1038 2100 τοῖς

85 2117 222 2204 ῥήτορσι
232 2123 423 2205 Χαρίδημος
435 2118 667 2200 διαπράττεται
683 2115 766 2199 πρὸς
783 2115 869 2202 ὑμᾶς
879 2122 1035 2196 ἐπαίνους

85 2214 192 2284 αὑτοῦ
214 2216 424 2301 γράφεσθαι·
458 2211 526 2280 ἀλλ’
552 2206 617 2297 οἷν,
641 2212 764 2298 ὁσαχοῦ
786 2215 901 2299 κύριος
919 2219 1036 2298 γέγονε

85 2323 147 2381 τοῦ
157 2309 341 2394 πράττεινὸ
347 2336 379 2376 τι
384 2310 551 2394 βούλεται,
564 2317 734 2393 πανταχοῦ
745 2318 854 2388 κακῶς
865 2313 1036 2395 ἐπιχειρῶν

83 2409 170 2495 ἡμᾶς
182 2422 288 2476 ποιεῖν
299 2414 463 2494 φαίνεται,
472 2405 601 2475 τοῦτον
612 2406 698 2475 πολῦ
709 2415 836 2494 μᾶλλον
847 2405 1037 2495 ὀργίζεσθαι

41 2536 75 2590 85
85 2506 255 2595 προσήκει.
289 2511 325 2575 οί
340 2505 403 2592 μὲν
419 2516 537 2575 τοίνυν
552 2504 648 2575 άλλοι
664 2505 800 2595 πάντες,
822 2506 896 2576 ὅσοι
911 2534 943 2576 τι
959 2506 1033 2595 παρ’

85 2607 183 2694 ὑμῶν
194 2605 353 2692 εὕρηνται
364 2604 514 2694 ποίποτε,
536 2604 585 2693 ἐφ’
599 2601 648 2685 οἷς
664 2599 704 2674 εὖ
721 2608 940 2696 πεποιήκασιν
951 2607 1037 2696 ὑμᾶς

84 2713 287 2791 τετίμηνται,
310 2695 409 2782 οὗτος
430 2702 466 2773 δὲ
489 2699 535 2783 εἷς
555 2701 712 2772 ἁπάντων
734 2705 1037 2794 τῦνάλλυνμόνος

85 2802 135 2888 ἐφ’
149 2797 197 2880 οἷς
208 2806 364 2892 ἐγχειρεῖν
383 2800 425 2872 οῦ
442 2803 619 2891 δεδύνηται
630 2815 739 2886 κακῶς
755 2814 898 2893 ποιήσαι.
931 2815 1037 2877 καίτοι

84 2909 133 2988 τῷ
142 2902 281 2990 τοιοῦτφ
293 2900 331 2972 τὸ
344 2908 452 2990 δίκης,
473 2900 517 2990 ήν
536 2909 637 2973 ίδωκε
650 2909 783 2986 δικαίως
795 2901 853 2991 άν,
876 2903 1037 2992 ἀφεῖσθαι

85 3000 209 3086 μεγάλη
221 2999 329 3085 δωρεά
341 3000 416 3087 παρ’
429 3000 527 3089 ὑμῶν
536 2996 589 3090 ήν.
618 3002 685 3072 ἀλλ’
699 3002 741 3072 οῦ
753 3013 856 3072 ταῦτα
868 3009 1037 3081 δοκεῖτοῖς

85 3101 255 3189 ῥήτορσιν,
268 3098 351 3170 ἀλλὰ
363 3110 508 3191 πολίτης,
526 3101 708 3190 εῦεργέτης,
721 3105 891 3188 στέφανοι,
904 3105 1035 3188 δωρεαί,

86 3196 124 3267 δι’
140 3195 303 3279 δτοῦτοις
316 3205 383 3290 ίδίηι
395 3206 541 3270 δίδωσιν.
565 3204 599 3268 ol
608 3198 639 3267 δ’
653 3200 748 3270 ἄλλοι
759 3201 1038 3286 πεφενακισμένοι

42 3297 259 3385 ὃθκάθησθε,
279 3297 319 3367 τά
331 3299 507 3387 πράγματα
527 3299 765 3385 θαυμάζοντες.
797 3297 1037 3367 τὸτελευταῖον

86 3397 121 3465 δὲ
132 3400 209 3467 νυνὶ
222 3401 279 3469 καί
291 3400 442 3487 φύλακας
452 3401 657 3487 κατέστησαν
668 3395 753 3485 ὑμᾶς
769 3402 899 3467 ἐκείνου
911 3395 964 3467 διδ
974 3408 1038 3469 τοῦ
