2370 3854
119 216 179 277 156
318 217 415 273 xxlll.
447 211 870 272 ΔΗΜΟΣΘΕΝΟΤΣ

118 402 196 443 ποτε
208 379 262 443 καὶ
273 375 402 444 τούτων
412 371 584 441 ἀπέκλεισε
594 370 655 438 τὸυ
665 369 896 457 ἀνδροφόνους
919 368 1012 439 ὅσων
1027 375 1075 460 τῷ

118 471 263 541 παθόντι
282 479 378 554 ζῶντι
394 479 514 559 μετῆν,
536 468 667 538 τούτων
683 479 785 555 είργει
801 468 861 538 τόν
878 469 1075 554 δεδρακότα,

118 580 252 657 πρῶτον
273 575 335 658 μὲν
354 579 413 659 τῆς
434 575 591 655 πατρίδος
609 571 663 636 καί
679 575 748 636 τῶν
764 572 802 637 ίυ
816 569 921 658 ταύτη
938 570 1120 649 πάντωνςη

120 669 200 740 καὶ
185 678 287 739 οσιων
304 673 391 740 καὶί
390 696 493 754 ερων,
514 695 577 755 την
588 666 757 754 ἐφοριαν
738 694 867 754 αγοραν
877 693 960 754 ορου
969 689 1077 752 προσ-

119 770 266 855 γράψας,
288 761 329 857 ἧς
346 775 521 855 εἴργεσθαί
534 785 654 888 φησιν,
677 765 745 834 εἶτα
762 794 831 835 των
848 769 1077 853 ίεροῐντωυέν

115 867 349 955 Ἀμφικτύοσι
372 867 501 953 καὶγὰρ
512 866 659 951 τούτων,
683 876 772 950 εδιτορ
791 855 834 950 ἦν
841 863 994 953 Ελληνὸ
1010 889 1076 932 πα-

118 967 196 1036 θόν
203 995 329 1055 μετην
340 993 441 1055 αυτω
463 969 519 1033 καὶ
530 965 658 1032 αθλων
689 963 744 1033 δια
755 963 846 1046 τί
826 991 878 1033 οτι
889 965 998 1034 κοινοὶ
1008 987 1076 1031 πα

120 1073 173 1133 σίν
185 1070 313 1134 είσιν
279 1090 310 1133 οι
321 1065 404 1133 κατά
414 1063 478 1152 τὴν
484 1060 650 1131 Ελλάδα’
632 1090 769 1151 αγωνες,
780 1089 863 1132 κατα
852 1062 954 1134 Ηδὲ
917 1089 980 1152 τηυ
988 1063 1076 1131 πάν-

119 1192 188 1233 των
204 1172 383 1252 μετουσίαν
400 1172 503 1250 μετῆν
520 1163 722 1231 καὶτούτων
739 1168 784 1250 τῷ
796 1162 997 1231 πεπονθότι·
1019 1163 1076 1230 καὶ

75 1277 107 1329 41
119 1264 250 1332 τούτων
261 1257 325 1332 οὖν
336 1263 520 1350 ἀπεχέσθω.
553 1263 683 1329 τούτων
695 1261 756 1347 μὲν
768 1260 808 1346 δὴ
821 1260 881 1328 τδυ
900 1263 1076 1347 είργασμέ-

120 1373 304 1449 υονείργει.
337 1358 381 1429 ἀν
399 1360 432 1430 δ’
443 1367 504 1443 ἔξω
514 1361 645 1430 τούτων
655 1370 769 1448 κτείυη
779 1387 827 1440 τις
837 1357 943 1428 αύτδυ
952 1357 1078 1428 ἄλλοθί

120 1487 201 1546 που,
214 1458 277 1548 την
288 1457 394 1547 αύτην
404 1458 488 1543 ύπὲρ
501 1458 608 1528 αιῖτοῦ
619 1466 715 1547 δίκην
726 1463 870 1528 δέδωκεν
899 1457 1007 1546 ἥνπερ
1031 1453 1075 1526 ἀν

118 1558 179 1626 τόν
187 1556 367 1643 Ἀθηναίον
379 1564 500 1646 κτείνη.
533 1555 593 1625 τὸν
603 1557 668 1643 γάρ
680 1559 817 1644 φυγάδα
827 1555 865 1626 τό
877 1567 935 1644 της
946 1558 1075 1637 πόλεως

118 1656 160 1724 οὐ
171 1670 351 1742 προσεῖπεν
361 1653 484 1744 όνομα,
495 1649 536 1743 ἧς
546 1654 609 1725 ούκ
620 1661 688 1724 ἔστι
698 1662 855 1743 μετουσία
866 1654 975 1746 αὐτῷ,
988 1654 1075 1725 ἀλλά

117 1754 233 1824 τὸτοῦ
251 1755 459 1842 πράγματος,
483 1747 728 1845 ᾦκατέστησευ
748 1754 852 1826 αὑτόν
863 1760 988 1836 ἐκεῖνος
998 1762 1078 1825 ἔνο-

117 1881 193 1941 χον·
211 1853 424 1924 καὶδιὰταῦά
438 1853 940 1945 “ἀυτιςάποκτείνη”φησδ“τὸν
950 1854 1076 1944 ἀνδρο-

118 1951 257 2037 φόνον.”
273 1950 332 2018 εἶτ’
354 1951 458 2020 είπών
478 1946 527 2020 τόν
545 1954 757 2041 εἰργόμενον,
779 1955 1077 2046 ίπὶτῷτηυτιμω·

119 2059 195 2134 ρίαν
205 2059 352 2138 νομίμως
363 2056 528 2121 ἐπιθεῖναι
539 2052 577 2121 τό
590 2062 647 2141 της
658 2053 784 2135 πόλεως
792 2051 898 2141 ὄνομα
908 2051 1074 2140 ὠνόμασε,

113 2149 204 2231 “tots
224 2149 337 2231 αὐτοῖς
378 2155 542 2238 ἐνεχέσθω
575 2152 729 2239 καθάπερ
751 2149 794 2221 ἀν
815 2150 876 2221 τόν
893 2150 1077 2239 ’Λθηυαίον

115 2248 344 2340 “ἀποκτείνη,”
367 2252 499 2337 γράψας
517 2253 698 2339 ἀνομοίως,
721 2246 1075 2340 ω’άνδρεςἏθηυαίοι,

76 2360 165 2440 λλτῷ
178 2352 269 2419 τουτὶ
280 2350 317 2418 τό
330 2351 485 2437 ψήφισμα
496 2351 649 2437 εἰρηκότι.
678 2359 784 2419 καίτοι
794 2358 865 2431 πῶς
876 2347 949 2437 ούχὶ
961 2348 1075 2419 δεινὸν

118 2457 163 2534 εί,
182 2447 230 2527 οἷς
241 2447 259 2516 ὁ
270 2449 375 2533 νόμος
387 2453 548 2533 δέδωκεν,
566 2448 627 2517 ἐάν
638 2441 790 2517 ἀνεῖπον
802 2459 989 2536 είργωνται,
1000 2445 1072 2536 μετ’

118 2545 298 2631 ἀσφαλείας
320 2551 379 2631 ζην
400 2554 564 2631 φυγοῦσι,
586 2546 725 2626 τούτους
746 2549 904 2627 ἐκδότους
924 2575 974 2628 τις
990 2548 1075 2616 εἶναι

118 2644 256 2730 γράφει,
280 2646 334 2711 καὶ
351 2642 539 2729 ἀφαιρεῖται
556 2645 594 2713 τό
612 2655 670 2734 τῆς
681 2646 880 2734 συγγνώμης
891 2643 1073 2733 ὠφέλιμον,

118 2741 221 2820 δτοίς
238 2741 419 2827 ἀτυχοῦσιν
437 2741 599 2831 ὑπάρχειν
616 2744 703 2826 είκδς
720 2745 809 2833 παρά
832 2754 901 2814 τοῖν
923 2751 984 2827 ἔξω
1005 2752 1074 2813 τῶν

117 2839 331 2927 ἐγκλημάτων
342 2839 466 2925 όντων,
489 2841 554 2932 ότφ
567 2843 646 2911 ποτὲ
661 2853 731 2912 τῶν
748 2845 885 2913 πάντων
902 2842 1075 2913 ἀπόκειται

116 2941 243 3028 ἀδηλον
252 2935 302 3024 όν,
310 2937 354 3027 μη
366 2941 536 3026 προδήλου
544 2950 602 3029 τῆς
611 2942 768 3029 ἐπιούσης
776 2942 875 3030 τύχης
884 2941 985 3029 ούσης
994 2941 1074 3011 ἑκά-

117 3063 199 3129 στφ;
211 3042 266 3109 καὶ
278 3043 355 3108 νυνί
365 3037 426 3107 τόν
437 3038 677 3108 ἀποκτείναντα
688 3045 898 3128 Χαρίδημον,
912 3038 1018 3119 ὅντως
1029 3036 1074 3106 ἀν

116 3139 180 3223 ἀρα
192 3150 291 3208 τοῦτο
307 3143 458 3226 γένηται,
479 3136 537 3206 ἐὰν
555 3137 837 3208 ἀνταποκτείνωσί
851 3165 938 3219 τινες
947 3138 1074 3227 λαβόν·

115 3264 168 3316 τες
180 3242 334 3323 ἔκδοτον,
352 3237 542 3324 πεφευγότα
553 3243 685 3306 καὶτῶν
696 3246 846 3324 νομίμων
864 3237 1116 3326 είργόμευον,63

72 3342 222 3423 λὸἔνοχοι
233 3336 294 3422 μὲν
305 3333 400 3404 αύτοὶ
410 3351 480 3414 ταῖς
488 3349 642 3421 φονικαῖς
650 3340 757 3416 δίκαις
766 3342 907 3424 ἔσονται,
915 3342 1028 3423 ἔνοχος
1037 3335 1074 3405 δὲ

114 3435 172 3502 σύ·
195 3437 251 3504 καὶ
266 3436 331 3522 γάρ
349 3434 393 3504 ἀυ
409 3463 457 3515 τις
474 3444 577 3512 αίτιος
594 3427 823 3524 ᾗγέγραπται,
846 3441 911 3504 ἔσει
923 3435 954 3505 δ’
968 3445 1074 3515 αἴτιος
