2370 3854
167 247 230 311 182
370 250 466 308 xxm.
499 244 922 308 ΔΗΜΟΣΘΕΝΟΤΣ

167 433 239 495 ρειν
250 404 341 499 αὑτῷ
353 414 491 494 μᾶλλον,
503 403 577 475 οὐδ’
591 403 706 475 ὁτιοῦν
716 404 813 493 ὑμῶν
824 414 1006 494 φροντίσας
1015 406 1127 479 τάκεί-

155 531 233 576 νου
243 519 372 593 φρονεῖ.
405 503 448 574 ού
457 504 522 593 γάρ
534 510 640 590 ἐστιν,
662 502 726 574 οὑκ
737 499 1015 593 έστιν,οόόνδρες
1023 503 1128 596 Ἀθη-

166 619 272 688 ναίον,
283 602 374 689 παρὰ
384 602 514 683 τούτοις
524 617 591 682 τοις
601 607 653 671 ἐπί
663 611 705 692 τῇ
714 610 776 672 τοῦ
786 612 997 673 πλεονεκτεῖν
1007 629 1128 690 προαι-

168 706 257 787 ρέσει
273 707 373 784 ζῶσιν
388 699 489 770 οὐδέν
505 701 583 770 οὔτε
598 704 735 789 βέβαιον
750 699 830 771 οὔθ’
844 701 956 790 ὅσιον,
974 701 1058 773 ἄλλὺ
1078 709 1131 774 δεῖ

167 801 313 888 τούτων,
332 799 421 880 ὅστις
434 793 474 869 εὑ
485 814 618 888 φρονεῖ,
631 801 883 890 φυλαττόμενον
893 815 1069 892 περιεῖναι,
1081 803 1127 890 μή

107 918 160 974 128
168 898 456 984 προπιστεύσαντα
467 913 671 986 κατηγορεῖν.
690 894 1128 988 είτοίνυυ,όόνόρεςἈθη-

169 1012 275 1083 ναῖοι,
298 997 497 1066 τούναντίον
517 995 541 1084 ή
561 995 703 1085 τάληθὲς
724 997 884 1087 ὑπάρχει,
904 1006 1045 1086 θείημεν
1065 998 1127 1067 τὸν

169 1099 365 1183 Χαρίδημον
374 1092 480 1165 αὐτόν
489 1099 546 1166 καὶ
555 1095 1129 1185 γεγενήσθαιπερίήμιλςσπουδαῖον

170 1197 226 1264 καὶ
241 1193 396 1263 εἶναικαὶ
411 1200 564 1282 ἔσεσθαι,
585 1197 641 1265 καὶ
654 1193 814 1283 μηδέποτ’
829 1195 936 1284 όίλλην
950 1193 1127 1284 γνιόμηνή

169 1293 295 1380 ταύτην
307 1294 458 1381 σχήσειν,
480 1294 580 1363 οὐδὲν
590 1302 719 1382 μᾶλλον
729 1299 793 1380 ἔχει
804 1301 913 1374 καλῶς
923 1291 1015 1362 ταῦτ’
1036 1292 1129 1386 αὐτῷ

170 1401 392 1480 ψηφίσασθαι.
416 1398 447 1461 εί
457 1393 520 1480 μέν
529 1391 594 1480 γὰρ
605 1391 657 1462 ἐπ’
669 1393 751 1462 ἄλλο
761 1419 793 1460 τι
802 1392 929 1477 ταύτην
937 1391 999 1478 τήν
1010 1391 1128 1461 ἄδειαν

170 1492 348 1579 ἐλάμβανε,
359 1491 422 1578 τήν
432 1495 468 1560 έκ
478 1501 540 1560 τοῦ
550 1500 773 1579 ψηφίσματος,
786 1488 858 1579 ήτὺ
867 1497 1127 1580 Κερσοβλέπτου

170 1592 362 1678 πράγματα,
376 1583 475 1679 ἦττον
486 1586 530 1658 ἄν
540 1585 585 1677 ἦν
596 1590 722 1658 δεινόν·
746 1599 811 1659 νῦν
822 1589 860 1676 δ’,
874 1588 958 1678 ὑπὲρ
970 1583 1013 1659 οὑ
1025 1617 1130 1659 κατα-

171 1691 326 1778 χρήσεται
335 1697 377 1778 τή
388 1687 443 1758 διὰ
453 1697 516 1757 τοῦ
527 1694 735 1775 ψηφίσματος
747 1696 934 1780 πλεονεξίᾳ,
959 1688 1022 1760 ούιι
1037 1689 1130 1773 ἄξιό-

171 1808 289 1858 πιστον
300 1786 380 1857 οὔθ’
393 1785 473 1876 ήμῑν
484 1785 557 1858 οὔτ’
569 1790 683 1878 ένείνφ
693 1789 902 1876 λογιζόμενος
916 1787 1021 1858 αὑτόν
1038 1786 1183 1876 εὑρί-δόλ

109 1919 162 1976 129
172 1909 250 1957 σιιον.
287 1893 457 1970 σκέψασθε
479 1888 515 1957 δέ
537 1884 581 1968 ὡς
602 1891 735 1966 δικαίως
754 1891 876 1956 ἕκαστα
897 1888 1050 1975 ἐξετάζω,
1072 1891 1130 1957 καὶ

172 1987 305 2072 σφόδρα
315 2012 353 2071 γε
364 1987 498 2066 εἰκότως
509 1985 633 2066 όεόιοός.
661 1984 724 2072 έγὺ
737 1994 850 2055 σκοποῖ
862 1988 991 2076 Κότυν,
1004 1987 1055 2057 ὅτι
1065 2014 1129 2074 ιιη-

172 2087 289 2173 όεστής
304 2076 347 2171 ήν
355 2082 531 2172 Ἰφικράτει
540 2084 602 2154 τόν
612 2083 852 2172 αὐτὸντρόπον
863 2085 967 2171 ὅνπερ
978 2088 1129 2174 Χαριδή-

121 2242 124 2247 .
171 2210 222 2274 μφ
234 2186 494 2272 Κερσοβλέπτης,
506 2187 562 2254 καὶ
571 2183 612 2253 τὰ
623 2186 837 2271 πεπραγμένα
849 2181 919 2272 ὁρῶ
932 2192 1042 2274 πολλῷ
1054 2191 1129 2269 μεί«

173 2290 251 2366 ξυνα
261 2286 318 2353 ναὶ
328 2283 460 2371 χάριτος
471 2293 623 2365 πλείονος
633 2283 707 2366 ύξια
719 2281 803 2370 ὑπὲρ
814 2283 944 2363 Κότυος
951 2281 1129 2370 Ἰφικράτει

109 2379 194 2471 13οή
210 2381 294 2468 ὑπὲρ
305 2387 561 2470 Κερσοβλέπτου
573 2383 763 2475 Χαριδήμῳ.
796 2383 998 2470 σκεψόμεθα
1016 2380 1047 2451 δ’
1067 2380 1128 2449 οὑ-

173 2489 261 2549 τωσί.
292 2491 362 2550 ίστε
373 2483 482 2569 δήπου
492 2481 591 2568 τοῦτ’,
613 2476 641 2550 ό
651 2479 966 2569 όνδρεςἈθηναῐοι,
983 2480 1035 2548 ότι
1044 2494 1128 2566 χαλ-

173 2587 234 2668 κής
251 2580 381 2659 είκόνος
398 2580 502 2668 οὔσης
519 2580 599 2667 παρ’
615 2579 696 2667 ὑμίν
705 2579 881 2667 Ἰφικράτει
898 2581 954 2646 καὶ
967 2577 1127 2663 σιτήσεως

172 2683 405 2769 ένπρυτανείφ
417 2681 473 2748 καί
484 2685 621 2764 βαρεῶν
631 2682 687 2748 καί
698 2687 804 2766 τιμοὶν
814 2676 942 2761 ἄλλων,
960 2673 1003 2743 δι’
1017 2672 1057 2753 ἃς
1068 2678 1127 2745 εὑ-

172 2784 300 2863 δαίμων
311 2781 436 2857 ἐκεῖνος
452 2771 512 2865 ἦν,
535 2777 625 2865 ὅμως
634 2776 813 2865 ἐτόλμησεν
823 2772 909 2859 ὑπὲρ
919 2783 987 2843 τῶν
996 2775 1128 2854 Κότυος

172 2874 375 2968 πραγμάτων
387 2880 521 2946 ἐναντία
531 2892 600 2957 τοϊς
611 2875 781 2965 ὑμετέροις
791 2889 985 2963 στρατηγοῖς
994 2900 1127 2960 ναυμα-

171 2989 258 3063 χεῖν,
280 2978 336 3045 καὶ
353 2980 428 3064 περὶ
443 2982 595 3057 πλείονος
612 2975 788 3063 ἐποιήσατο
805 2973 868 3061 τήν
878 2977 1008 3043 ἐκείνου
1019 2993 1128 3061 σωτη-

172 3079 249 3161 ρίαν
269 3070 293 3162 ή
312 3075 371 3156 τὰς
391 3074 605 3164 ὑπαρχούσας
625 3080 733 3166 ἑαυτῷ
747 3074 826 3160 παρ’
844 3071 925 3161 ὑμῖν
940 3073 1049 3161 τιμάς·
1072 3075 1128 3142 καί

171 3179 203 3243 εί
216 3173 263 3260 μή
280 3180 504 3262 μετριωτέραν
518 3181 625 3264 ἔσχετε
637 3174 700 3265 τήν
710 3171 816 3261 ὀργήν
825 3170 918 3261 ὑμεῖς
927 3180 986 3259 τής
996 3175 1127 3240 ἐκείνου

171 3279 374 3360 προπετείας,
386 3272 487 3344 οὐδέν
497 3270 541 3343 ν’ὶν
550 3274 654 3344 αὑτόν
665 3273 832 3343 ἐκόλασεν
844 3270 1053 3340 ἀθλιώτατον
1063 3268 1128 3338 όν-

110 3379 162 3435 131
171 3367 322 3455 βρότον
331 3369 491 3444 ἁπάντων
501 3373 594 3445 εἶναι.
615 3371 690 3443 ἀλλ’
704 3370 823 3460 ὅμωςὸ
834 3371 957 3458 Κότυς,
968 3366 1028 3438 ὑπ’
1040 3370 1129 3438 ἐνεί-

172 3492 236 3538 νον
247 3472 368 3550 συθείς
378 3473 434 3541 καὶ
444 3472 560 3560 λαβόν
569 3478 654 3566 έργφ
665 3480 724 3560 τής
734 3476 866 3544 ἐκείνου
876 3477 988 3558 φιλίας
998 3482 1128 3556 πεῖραν,
