2370 3854
384 245 517 303 ΚΑΤΑ
540 246 770 307 ΜΕΙΔΙΘΤ.
1016 249 1059 311 89

145 410 266 487 οἴδαμεν
280 406 312 470 δὲ
323 406 374 470 καὶ
385 409 529 488 Μειδίαν,
541 400 580 484 ἀς
590 400 727 491 ἀπήλθεν
738 404 798 476 ἀπό
810 416 861 493 τής
872 418 981 496 βουλῆς
993 411 1060 479 τοῦ-

144 515 213 566 τους
230 483 302 567 τοδς
319 486 427 592 λόγρυς
445 485 582 572 είρηκάς,
607 491 817 599 εἰσεληλυθότα
827 493 918 560 πάλιν
930 491 1058 582 &dapt-

146 593 270 657 σταρχου
284 576 335 638 καλ
350 601 405 656 την
422 570 521 651 δεξιάν
537 575 735 659 ἔμβεβληκοτα
752 580 803 643 καί
820 570 968 660 ὀμνύοντα
990 576 1058 645 κατ’

147 658 278 733 ἐξωλείας
298 657 391 740 μηδὲν
412 651 480 721 κατ’
496 652 589 722 αάτοά
610 657 684 744 πρός
704 657 892 768 τήνηβουλόρρ
914 667 1061 749 εἰρηκέναι

147 749 297 825 φλαῦρον,
321 743 371 804 καλ
395 735 535 819 ἀξιοῦντα
552 735 739 831 Ἀρίσταρχον
762 771 840 824 οπως
860 776 900 812 αν
921 747 1062 838 διαλλάξῃ

146 819 227 910 αὐτῷ
240 825 462 908 Δημοσθένην]

50 988 98 1040 122
198 980 254 1052 Τίς
266 966 331 1040 οὖν
342 969 510 1058 ὑπερβολή
517 977 586 1053 ςτίς
596 968 695 1057 ὁμοία
705 978 745 1061 τῇ
756 971 879 1041 τούτου
890 969 1060 1060 γε’γουενή

107 1069 228 1156 γίνοιτ’
242 1067 286 1138 ἀν
296 1077 456 1157 πονηρίας
478 1067 515 1148 ὃς
526 1068 633 1156 ἀνδρα
645 1068 848 1157 ἀτυχοῦντα,
867 1070 944 1141 οὐδὲ
956 1070 1060 1140 αὐτὸν

107 1167 286 1255 ἠδικηκότα
304 1167 438 1254 (ίοῐγάρ
450 1175 480 1236 εί
497 1175 628 1255 φίλον),
651 1167 720 1254 ἀμα
737 1185 962 1256 συκοφαντεῖν
978 1169 1059 1258 ρόετο

108 1274 177 1336 δεῖν
198 1271 253 1337 καλ
274 1266 358 1351 πρὸς
379 1269 436 1353 ἐμὲ
458 1263 563 1335 αὑτὸν
586 1268 736 1336 διαλύειν
756 1268 867 1355 ήξίου,
879 1273 943 1337 Ικαὶ
963 1263 1058 1338 ταῦτ’
1071 1291 1124 1344 555

107 1372 243 1453 ἔπραττε
265 1368 320 1434 καὶ
340 1363 480 1451 χρήματ’
503 1362 681 1448 ἀνήλισκεν
702 1368 755 1433 ίπλ
776 1375 823 1454 τῷ
841 1365 910 1452 μετ’
932 1371 1061 1436 ἐκείνου

108 1465 191 1552 κάμὲ
202 1472 443 1551 προσεκβαλεῖν
454 1461 581 1541 ἀδίκως.

48 1599 99 1652 123
197 1585 304 1646 Τοῦτο
323 1581 437 1665 μέντοι
452 1575 490 1646 τδ
502 1583 656 1647 τοιοῦτον
666 1583 746 1659 ἔθος
756 1581 812 1648 καλ
823 1579 860 1650 τδ
875 1580 1061 1650 κατασκεύ-

109 1697 213 1763 ασμα,
234 1671 586 1764 ἀάνδρεςἎθηυαῖοι,
607 1676 644 1746 τδ
656 1691 724 1756 τοῖς
734 1675 819 1764 ὑπὲρ
831 1676 943 1747 αὑτοῖν
954 1683 1060 1759 ἐπεξι-

108 1785 183 1842 οῦσι
194 1781 327 1854 δικαίως
336 1781 384 1845 ἔτι
395 1782 496 1845 πλείω
507 1775 713 1863 περιιστάναι
724 1775 826 1864 κακά,
845 1776 908 1846 οὐκ
918 1779 989 1863 ἐμοὶ
998 1779 1060 1865 μὲν

106 1874 201 1954 ἀξιόν
213 1872 280 1942 ἐστ’
294 1872 493 1960 ἀγανακτεῖν
503 1878 558 1944 καλ
569 1879 696 1962 βαρέως
707 1877 838 1963 φέρειν,
856 1873 936 1963 ὑμῖν
947 1876 983 1944 δὲ
993 1892 1061 1956 τοῖς

106 1973 218 2053 ἀλλοις
226 1979 394 2059 παριδεῖν,
406 1981 534 2044 πολλοῦ
543 2001 581 2059 γε
591 1976 647 2042 καλ
658 1979 716 2058 δεῖ,
730 1973 814 2042 ἀλλά
825 1982 932 2059 πᾶσιν,
940 1971 1060 2061 ὁμοίως

107 2070 296 2160 ὀργιστέον,
315 2078 575 2161 ἐκλογιζομένοις
585 2076 640 2142 καλ
650 2073 903 2159 θεοροῦσιυὸτι
913 2082 973 2143 τοῦ
986 2077 1059 2162 μὲν,

106 2164 134 2237 οἷ
150 2171 269 2254 ἀνδρες
283 2170 471 2258 Ἀθηναῖοι,
494 2175 615 2260 ῥηιδίως
632 2199 742 2250 κακιις
759 2182 883 2241 παθεῖν
899 2175 1060 2259 ἐγγύτατα

104 2266 201 2354 ἡμῶν
222 2275 308 2337 είσιν
328 2274 363 2337 οί
384 2273 576 2337 πενέστατοι
596 2272 652 2338 καλ
668 2268 922 2356 ἀσθενέστατοι,
945 2281 1007 2339 τοῦ
1025 2270 1055 2340 δ’

106 2366 242 2454 ὑβρίσαι
262 2369 318 2434 καλ
339 2376 400 2434 τοῦ
421 2368 623 2453 ποιήσαντας
639 2365 686 2453 μή
703 2371 822 2436 δοῦναι
840 2373 951 2455 δίκην,
974 2367 1058 2438 ἀλλὰ

105 2464 185 2543 τοὺς
195 2463 470 2552 ἀντιπαρεΈοντας
481 2465 656 2553 πράγματα
666 2465 919 2554 μισθώσασθαι,
938 2471 1059 2555 οίβδε-

47 2582 95 2634 124
104 2565 199 2649 λυρυλ
211 2566 267 2631 καλ
275 2560 416 2650 χρήματ’
428 2569 563 2650 ἔχοντες.
597 2561 638 2633 οὐ
650 2561 690 2650 δή
704 2568 757 2632 δεῖ
763 2574 915 2651 παρορᾶν
930 2564 972 2635 τὰ
987 2593 1058 2635 τοι-

104 2671 205 2749 αῦτα,
229 2661 308 2732 οὐδὲ
323 2663 383 2732 τὸν
401 2667 587 2750 ἐξείργοντα
599 2665 666 2732 δέει
676 2666 731 2732 καλ
742 2662 838 2753 φόβην
849 2661 886 2732 τδ
899 2668 996 2751 δίκην
1008 2658 1058 2734 οἷν

103 2760 147 2828 ἀν
163 2759 258 2848 ήμῶν
275 2760 420 2851 ἀδικηθῇ
435 2788 485 2842 τις
500 2763 684 2849 λαμβάνειν
702 2759 781 2847 παρ’
802 2762 908 2830 αὐτοῦ
923 2763 1005 2832 ἀλλο
1026 2791 1058 2832 τι

102 2859 163 2946 χρή
184 2865 328 2945 νομίζειν
350 2875 456 2928 ποιεῖν
476 2856 499 2946 ή
520 2857 578 2940 τάς
594 2869 652 2948 τής
669 2867 838 2948 ἰσηγορίας
853 2865 909 2931 καλ
925 2861 983 2942 τάς
1000 2871 1058 2950 τής

103 2962 294 3042 ἐλευθερίας
303 2955 400 3046 ἡμῶν
410 2967 585 3046 μετουσίας
596 2958 820 3048 ἀφαιρεῖσθαι.
841 2962 906 3048 ἐγω
917 2963 979 3048 μὲν
990 2960 1055 3048 γάρ

103 3067 182 3135 ἴσως
199 3058 402 3145 διεωσάμην,
423 3060 478 3127 καλ
494 3057 594 3139 ἀλλος
610 3086 658 3140 τις
674 3056 734 3147 ἀν,
756 3065 863 3146 ψευδή
880 3060 983 3144 λόγον
1000 3063 1056 3127 καλ

102 3161 348 3243 συκοφαντίαν,
373 3158 428 3224 καὶ
449 3154 511 3226 οάκ
533 3155 762 3245 ἀνήρπασμαι·
783 3162 818 3226 ολ
839 3157 875 3225 δὲ
891 3160 1007 3226 πολλοί
1023 3164 1058 3225 τί

102 3251 271 3338 ποιήσετε,
295 3249 339 3319 ἀν
355 3254 399 3341 μή
418 3260 559 3345 δημοσίᾳ
576 3263 658 3324 πᾶσι
672 3254 821 3343 φοβερδν
831 3257 1055 3344 καταστήσητε

47 3361 90 3415 125
100 3349 137 3419 τδ
161 3358 207 3431 είς
227 3359 333 3420 ταῦτα
349 3349 561 3443 ἀποχρῆσθαι
576 3365 624 3446 τῷ
640 3365 811 3436 πλουτεῖνς
835 3355 936 3424 δόντα
953 3357 1055 3443 λόγου

100 3453 155 3518 καλ
166 3447 355 3538 ὑποσχόντα
368 3460 477 3540 κρίσιν
488 3457 564 3543 περὶ
575 3446 623 3524 ιδν
633 3453 676 3523 ἀν
687 3481 737 3535 τις
747 3456 878 3544 ίγκαλή,
890 3452 953 3522 τότ’
966 3453 1054 3541 ἀρά·
