2370 3854
328 223 467 283 ΠΡΟΣ
485 221 823 284 ΖΗΝΟΘΕΜΙΝ.
996 222 1056 287 371

109 381 190 466 μετὰ
207 387 310 449 ταῦτα
327 377 368 467 δή
386 382 442 448 καί
458 379 560 448 τᾶλλα
572 380 749 448 διδάσκειν.
780 390 838 449 καί
850 408 907 467 μοι
918 388 992 470 λέγε
1001 384 1060 464 τὰς

110 485 300 566 μαρτυρίας.

451 635 711 698 MAPTYPIAI.
1026 702 1029 709 ,
1067 655 1119 710 886

66 780 101 832 14
188 763 316 852 Ἐπειδὴ
327 769 443 832 τοίνυν
453 762 590 850 ἄφίκετο
601 770 702 854 δεῦρο
712 765 750 834 τὸ
762 769 1060 856 πλοίου,γυόντων

108 874 177 933 τοῖν
194 863 425 950 Κεφαλλήνων
441 859 718 946 ἀντιπράττοντος
735 866 873 951 τούτου,
895 866 979 935 ὅθεν
990 870 1059 948 ἐξέ-

109 972 230 1031 πλευσε
246 960 283 1030 τδ
296 970 431 1047 πλοῖον,
455 965 603 1030 ἐνταῦθα
621 967 676 1032 καὶ
688 974 868 1035 καταπλεῖν
877 965 976 1053 αὐτὸ,
997 965 1059 1054 τήν

108 1064 170 1148 μὲν
180 1070 267 1129 ναῦν
284 1067 319 1130 οί
334 1063 386 1130 ἐπὶ
402 1068 443 1150 τῇ
461 1064 516 1148 νηὶ
533 1064 758 1141 δεδανεικότες
775 1066 914 1133 ἐνθένδε
931 1063 1059 1144 εὐθέως

109 1159 210 1245 είχου,
232 1157 292 1229 τόν
309 1161 347 1229 δὲ
363 1173 455 1227 σίτου
472 1156 490 1226 ὁ
508 1157 683 1244 ήγορακως
700 1158 802 1246 εἶχεν·
824 1154 870 1246 ήυ
886 1161 920 1230 δ’
933 1156 1058 1242 οὗτοςὸ

107 1255 185 1343 ἡμῖν
196 1256 236 1326 τὰ
246 1256 380 1343 χρήματ’
392 1256 545 1341 ὀφείλων.
567 1253 648 1340 μετὰ
658 1263 764 1324 ταῦτα
772 1249 856 1343 ἧκεν
866 1251 964 1339 οὗτος
977 1267 1060 1345 ἔχων

107 1357 167 1423 τὸυ
183 1355 258 1441 παρ’
269 1355 365 1441 ήμῶν
381 1356 579 1440 πεμφθέντα
594 1355 817 1443 πρεσβευτήν,
835 1354 895 1425 τδυ
913 1357 1059 1442 Ἀριστο-

108 1463 234 1539 φῶντα,
245 1457 300 1522 καὶ
311 1451 513 1540 ήμφισβήτει
519 1460 582 1520 τοῦ
593 1457 696 1536 σίτου,
705 1452 1059 1546 φόσκωυἩγεοτρότιμ

68 1565 98 1615 15
110 1555 341 1619 δεδανεικέναι.
354 1546 527 1637 “τίλὲγεις,
537 1550 699 1634 ἄνθρωπε
707 1548 739 1633 ;”
755 1551 882 1633 εὐθέως
892 1552 910 1623 ὁ
921 1562 1058 1639 Πρῶτος

109 1656 221 1729 (τοῦτο
231 1648 295 1735 γὰρ
311 1642 355 1736 ήν
365 1648 514 1734 τοῦνομα
530 1658 579 1739 τςό
593 1648 654 1718 τὸν
665 1665 758 1719 σῖτον
768 1655 991 1739 είσαγαγόντι,
1012 1661 1060 1743 τῷ

108 1747 148 1816 τὰ
176 1744 318 1834 χρήμαθ’
340 1745 420 1833 ήμῑν
449 1745 631 1833 ὀφείλοντι)
649 1745 713 1815 “σδ
739 1749 888 1836 χρήματα
914 1754 1059 1828 δέδωκας

105 1845 354 1937 “Ἡγεστρότμ,
365 1845 440 1934 μεθ’
453 1838 497 1916 οὗ
505 1845 585 1925 τούς
596 1846 718 1925 ἄλλους
728 1847 947 1935 ἐξηπάτηκας,
971 1849 1059 1927 ὅπως

104 1943 306 2014 “δαυείσεται
319 1999 329 2033 ,
346 1949 401 2014 καὶ
413 1950 465 2017 σοί
477 1946 794 2031 πολλάκιςλέγοντος
805 1947 856 2016 ὅτι
867 1964 935 2028 τοῖς
944 1967 1059 2036 προίε-

104 2042 235 2130 “μεύοις
247 2044 416 2113 ἀπολεῖται
432 2045 472 2113 τὰ
489 2047 654 2132 χρήματα;
676 2044 719 2112 οὐ
737 2038 803 2114 οὖν
818 2044 912 2113 ταῦτ’
924 2046 1059 2114 ιἰκοόωυ

102 2141 225 2222 “αότδς
237 2138 280 2209 ι’ἰυ
289 2143 427 2228 προήκω
434 2140 464 2220 ;”
487 2148 562 2226 ἔφη,
574 2145 630 2209 καὶ
641 2139 780 2227 ἀναιδής
789 2136 842 2226 ήυ.
868 2139 1019 2210 “οόκοῦυ
1031 2149 1061 2210 εί

102 2239 163 2307 “τά
174 2239 315 2325 μάλιστα
326 2238 437 2323 ἀληθῆ
448 2244 553 2322 λέγεις
558 2234 586 2322 ,”
605 2245 675 2305 τῶν
686 2237 864 2320 παρόντων
874 2265 922 2317 τις
932 2237 1059 2308 ὑπίλα-

105 2333 230 2424 βευ,“ὁ
242 2336 300 2415 σός
310 2334 473 2415 κοινωνὸς
489 2336 544 2403 καί
555 2341 706 2422 πολίτης,
725 2333 743 2403 ὁ
760 2333 994 2424 Ἡγέστρατος,
1013 2336 1058 2417 οἱς

101 2432 243 2519 “ἔοικευ,
266 2434 449 2520 ἐξηπάτηκί
462 2454 514 2520 σε,
538 2436 593 2502 καί
610 2431 694 2520 ὑπὲρ
712 2433 842 2503 τούτων
859 2433 959 2515 αὐτὸς
968 2434 1058 2528 αὑτῶ

63 2533 108 2600 16
108 2534 273 2602 θανάτου
289 2532 428 2620 τιμήσας
444 2530 643 2602 δπόλωλενΫ
673 2531 794 2602 Ηκαλ
773 2561 826 2605 οτι
849 2533 890 2621 γ’,
891 2533 989 2623 ”ἔφη
1010 2563 1058 2614 τις

103 2660 172 2701 των
182 2657 368 2721 καροντων,
387 2629 560 2700 απαντωυ
570 2633 638 2700 ἐστὶ
650 2632 811 2719 συυεργος
822 2659 920 2713 ουτος
931 2636 1056 2723 ἐκείνω,

97 2731 256 2853 “σημεῑου
267 2729 441 2820 ὑμινέρω
462 2731 527 2817 πρὸ
539 2730 604 2819 γὰρ
615 2740 677 2799 τοῦ
694 2732 885 2801 διακόπτειν
896 2735 1057 2818 ἐπιχειρή-

57 2854 59 2858 ·
100 2830 230 2898 “σαι
193 2858 256 2918 τηυ
271 2840 375 2951 υαήν,
396 2839 545 2900 τίθενται
562 2829 646 2920 πρός
656 2858 731 2898 τινα
741 2858 810 2900 των
820 2831 1058 2919 συμπλεόντων

100 2920 331 3005 “οὖτοςκαλὸ’
329 2933 536 3013 Ηγίστρατος
546 2929 755 3014 συγγραφήν.
778 2935 885 2997 καίτοι
901 2936 932 2996 εί
939 2931 1043 3014 μὲν’
1012 2956 1058 3007 εις

100 3024 234 3095 ’πίστιν
245 3030 387 3111 ἔδωκας,
402 3033 437 3094 τί
451 3027 590 3112 προτοῦ
607 3026 883 3112 κακουργήματος
893 3022 938 3093 ἂν
948 3023 988 3091 τὰ
998 3029 1057 3112 βέ-

99 3123 199 3213 ’ᾏαια
210 3129 343 3204 ἐποιοῦς
365 3129 397 3191 εί
405 3121 438 3191 δ’
451 3123 603 3191 ιλπιστολυ
613 3123 804 3208 ἐτύγχανες,
817 3131 852 3190 τί
859 3121 929 3209 οὐχ,
944 3122 1055 3208 ὥσπερ

62 3220 156 3296 17“οί
170 3222 280 3306 ἄλλοι,
301 3219 342 3288 τδ
359 3225 469 3291 δίκαια
485 3223 667 3310 ἐλάμβανες
682 3223 720 3288 ἐν
736 3230 778 3308 τῇ
793 3219 873 3310 γή;”
906 3228 941 3291 τί
954 3218 999 3290 δν
1014 3223 1054 3292 τὰ

102 3319 208 3390 πολλα
220 3322 310 3407 λέγω
321 3346 385 3399 τις
404 3314 449 3408 ην
458 3346 523 3409 γαρ
534 3316 636 3391 ουδ
622 3345 737 3388 οτιουυ
749 3322 850 3388 πλεον
860 3318 940 3408 ημίυ
951 3348 1054 3391 ταυτα

103 3422 268 3507 λέγουσιν,
279 3416 350 3488 αλλ
362 3427 464 3504 είχετο
475 3444 537 3488 του
524 3426 651 3489 σίτου
676 3417 843 3507 ἐξηγεν
802 3445 907 3570 avgg?
916 3429 1053 3510 Πρωτος
1065 3441 1118 3496 381
