<?xml version="1.0" encoding="UTF-8"?>
<!DOCTYPE html PUBLIC "-//W3C//DTD XHTML 1.0 Transitional//EN"
    "http://www.w3.org/TR/xhtml1/DTD/xhtml1-transitional.dtd">
<html xmlns="http://www.w3.org/1999/xhtml" xml:lang="en" lang="en">
 <head>
  <title>
</title>
<meta http-equiv="Content-Type" content="text/html;charset=utf-8" />
  <meta name='ocr-system' content='tesseract 3.04.00' />
  <meta name='ocr-capabilities' content='ocr_page ocr_carea ocr_par ocr_line ocrx_word'/>
</head>
<body>
  <div class='ocr_page' id='page_1' title='image "./orationesexrece01demogoog_0116.png"; bbox 0 0 2370 3854; ppageno 0'>
   <div class='ocr_carea' id='block_1_1' title="bbox 326 210 1041 305">
    <p class='ocr_par' dir='ltr' id='par_1_1' title="bbox 326 210 1041 305">
     <span class='ocr_line' id='line_1_1' title="bbox 326 210 1041 305; baseline 0.011 -36"><span class='ocrx_word' id='word_1_1' title='bbox 326 226 328 230; x_wconf 56' lang='lat'><strong><em>⁴</em></strong></span> <span class='ocrx_word' id='word_1_2' title='bbox 357 210 502 270; x_wconf 83' lang='grc' dir='ltr'><em>ΚΑΤΑ</em></span> <span class='ocrx_word' id='word_1_3' title='bbox 532 212 776 305; x_wconf 65' lang='lat' dir='ltr'><strong><em>MEJAJOY.</em></strong></span> <span class='ocrx_word' id='word_1_4' title='bbox 980 213 1041 277; x_wconf 83' lang='lat'><strong><em>107</em></strong></span> 
     </span>
    </p>
   </div>
   <div class='ocr_carea' id='block_1_2' title="bbox 35 367 1095 3408">
    <p class='ocr_par' dir='ltr' id='par_1_2' title="bbox 92 367 1040 554">
     <span class='ocr_line' id='line_1_2' title="bbox 92 367 1040 460; baseline 0.005 -26"><span class='ocrx_word' id='word_1_5' title='bbox 92 369 339 456; x_wconf 86' lang='grc' dir='ltr'><strong><em>ραστησύμενος</em></strong></span> <span class='ocrx_word' id='word_1_6' title='bbox 355 369 470 436; x_wconf 84' lang='grc' dir='ltr'><strong><em>κλύειν</em></strong></span> <span class='ocrx_word' id='word_1_7' title='bbox 486 373 541 437; x_wconf 78' lang='grc' dir='ltr'><strong><em>καὶ</em></strong></span> <span class='ocrx_word' id='word_1_8' title='bbox 560 371 724 452; x_wconf 62' lang='grc' dir='ltr'><strong><em>δακρύειν,</em></strong></span> <span class='ocrx_word' id='word_1_9' title='bbox 737 370 785 457; x_wconf 80' lang='grc' dir='ltr'><strong><em>ἐφ’</em></strong></span> <span class='ocrx_word' id='word_1_10' title='bbox 798 367 848 451; x_wconf 80' lang='grc' dir='ltr'><strong><em>οἷς</em></strong></span> <span class='ocrx_word' id='word_1_11' title='bbox 862 369 1040 460; x_wconf 74' lang='grc' dir='ltr'><strong><em>ὑβρίσθην.</em></strong></span> 
     </span>
     <span class='ocr_line' id='line_1_3' title="bbox 93 466 1040 554; baseline 0.005 -22"><span class='ocrx_word' id='word_1_12' title='bbox 93 470 145 534; x_wconf 77' lang='grc' dir='ltr'><strong><em>διὰ</em></strong></span> <span class='ocrx_word' id='word_1_13' title='bbox 168 466 261 535; x_wconf 81' lang='grc' dir='ltr'><strong><em>τοῦτ’</em></strong></span> <span class='ocrx_word' id='word_1_14' title='bbox 274 467 340 552; x_wconf 84' lang='grc' dir='ltr'><strong><em>όίρα</em></strong></span> <span class='ocrx_word' id='word_1_15' title='bbox 356 475 417 536; x_wconf 84' lang='grc' dir='ltr'><strong><em>τοῦ</em></strong></span> <span class='ocrx_word' id='word_1_16' title='bbox 436 469 654 554; x_wconf 70' lang='grc' dir='ltr'><strong><em>πεποιηκότος</em></strong></span> <span class='ocrx_word' id='word_1_17' title='bbox 673 466 691 537; x_wconf 87' lang='grc' dir='ltr'>ὁ</span> <span class='ocrx_word' id='word_1_18' title='bbox 708 469 889 548; x_wconf 71' lang='grc' dir='ltr'><strong><em>πεπονθός</em></strong></span> <span class='ocrx_word' id='word_1_19' title='bbox 904 475 1040 538; x_wconf 75' lang='grc' dir='ltr'><strong><em>ἔλαττον</em></strong></span> 
     </span>
    </p>

    <p class='ocr_par' dir='ltr' id='par_1_3' title="bbox 35 561 1040 1626">
     <span class='ocr_line' id='line_1_4' title="bbox 35 561 1040 655; baseline 0 -21"><span class='ocrx_word' id='word_1_20' title='bbox 35 584 83 638; x_wconf 76' lang='grc'><strong><em>188</em></strong></span> <span class='ocrx_word' id='word_1_21' title='bbox 91 567 152 644; x_wconf 77' lang='grc' dir='ltr'><strong><em>ἔξω</em></strong></span> <span class='ocrx_word' id='word_1_22' title='bbox 164 564 238 649; x_wconf 87' lang='grc' dir='ltr'><strong><em>παρ’</em></strong></span> <span class='ocrx_word' id='word_1_23' title='bbox 251 563 346 651; x_wconf 78' lang='grc' dir='ltr'><strong><em>ύμίν;</em></strong></span> <span class='ocrx_word' id='word_1_24' title='bbox 362 565 407 653; x_wconf 77' lang='grc' dir='ltr'><strong><em>μὴ</em></strong></span> <span class='ocrx_word' id='word_1_25' title='bbox 420 570 519 653; x_wconf 78' lang='grc' dir='ltr'><strong><em>δῆτα·</em></strong></span> <span class='ocrx_word' id='word_1_26' title='bbox 532 564 601 634; x_wconf 77' lang='grc' dir='ltr'><strong><em>ἀλλ’</em></strong></span> <span class='ocrx_word' id='word_1_27' title='bbox 614 565 697 635; x_wconf 89' lang='grc' dir='ltr'><strong><em>όταν</em></strong></span> <span class='ocrx_word' id='word_1_28' title='bbox 708 561 807 647; x_wconf 85' lang='grc' dir='ltr'><strong><em>ούτος</em></strong></span> <span class='ocrx_word' id='word_1_29' title='bbox 817 575 902 655; x_wconf 84' lang='grc' dir='ltr'><strong><em>έχων</em></strong></span> <span class='ocrx_word' id='word_1_30' title='bbox 912 568 952 636; x_wconf 89' lang='grc' dir='ltr'><strong><em>τόι</em></strong></span> <span class='ocrx_word' id='word_1_31' title='bbox 963 593 1040 635; x_wconf 90' lang='grc' dir='ltr'><strong><em>παι-</em></strong></span> 
     </span>
     <span class='ocr_line' id='line_1_5' title="bbox 91 663 1040 753; baseline 0.002 -23"><span class='ocrx_word' id='word_1_32' title='bbox 91 669 145 730; x_wconf 89' lang='grc' dir='ltr'><strong><em>δία</em></strong></span> <span class='ocrx_word' id='word_1_33' title='bbox 157 665 289 742; x_wconf 88' lang='grc' dir='ltr'><strong><em>τούτοις</em></strong></span> <span class='ocrx_word' id='word_1_34' title='bbox 296 663 384 745; x_wconf 79' lang='grc' dir='ltr'><strong><em>ἄξιοί</em></strong></span> <span class='ocrx_word' id='word_1_35' title='bbox 392 668 517 733; x_wconf 74' lang='grc' dir='ltr'><strong><em>ιδοῦναι</em></strong></span> <span class='ocrx_word' id='word_1_36' title='bbox 534 664 597 751; x_wconf 75' lang='grc' dir='ltr'><strong><em>τὴν</em></strong></span> <span class='ocrx_word' id='word_1_37' title='bbox 609 674 725 752; x_wconf 72' lang='grc' dir='ltr'><strong><em>ψῆφον</em></strong></span> <span class='ocrx_word' id='word_1_38' title='bbox 741 664 845 753; x_wconf 76' lang='grc' dir='ltr'><strong><em>ὑμᾶς,</em></strong></span> <span class='ocrx_word' id='word_1_39' title='bbox 863 665 935 735; x_wconf 90' lang='grc' dir='ltr'><strong><em>τόθ’</em></strong></span> <span class='ocrx_word' id='word_1_40' title='bbox 947 665 1040 751; x_wconf 79' lang='grc' dir='ltr'><strong><em>ὑμεῖς</em></strong></span> 
     </span>
     <span class='ocr_line' id='line_1_6' title="bbox 89 760 1039 851; baseline 0.002 -23"><span class='ocrx_word' id='word_1_41' title='bbox 89 760 168 841; x_wconf 84' lang='grc' dir='ltr'><strong><em>τούς</em></strong></span> <span class='ocrx_word' id='word_1_42' title='bbox 187 762 313 847; x_wconf 90' lang='grc' dir='ltr'><strong><em>νόμους</em></strong></span> <span class='ocrx_word' id='word_1_43' title='bbox 328 763 445 848; x_wconf 79' lang='grc' dir='ltr'><strong><em>έχοντύ</em></strong></span> <span class='ocrx_word' id='word_1_44' title='bbox 462 789 503 849; x_wconf 89' lang='grc' dir='ltr'><strong><em>με</em></strong></span> <span class='ocrx_word' id='word_1_45' title='bbox 521 769 663 850; x_wconf 88' lang='grc' dir='ltr'><strong><em>πλησίον</em></strong></span> <span class='ocrx_word' id='word_1_46' title='bbox 680 762 818 851; x_wconf 82' lang='grc' dir='ltr'><strong><em>ἡγεῖσθε</em></strong></span> <span class='ocrx_word' id='word_1_47' title='bbox 835 764 1039 848; x_wconf 77' lang='grc' dir='ltr'><em>παρεστάναι</em></span> 
     </span>
     <span class='ocr_line' id='line_1_7' title="bbox 88 859 1039 949; baseline 0.001 -22"><span class='ocrx_word' id='word_1_48' title='bbox 88 865 144 927; x_wconf 80' lang='grc' dir='ltr'><strong><em>καὶ</em></strong></span> <span class='ocrx_word' id='word_1_49' title='bbox 154 859 214 929; x_wconf 85' lang='grc' dir='ltr'><strong><em>τόν</em></strong></span> <span class='ocrx_word' id='word_1_50' title='bbox 225 861 328 946; x_wconf 88' lang='grc' dir='ltr'><strong><em>όρκον</em></strong></span> <span class='ocrx_word' id='word_1_51' title='bbox 338 859 381 929; x_wconf 85' lang='grc' dir='ltr'><strong><em>δν</em></strong></span> <span class='ocrx_word' id='word_1_52' title='bbox 391 859 595 949; x_wconf 85' lang='grc' dir='ltr'><strong><em>ὀμωμόκατε,</em></strong></span> <span class='ocrx_word' id='word_1_53' title='bbox 604 863 734 941; x_wconf 83' lang='grc' dir='ltr'><strong><em>τούτοις</em></strong></span> <span class='ocrx_word' id='word_1_54' title='bbox 745 860 901 942; x_wconf 74' lang='grc' dir='ltr'><strong><em>ἀξιοῦντα</em></strong></span> <span class='ocrx_word' id='word_1_55' title='bbox 912 860 1039 930; x_wconf 78' lang='grc' dir='ltr'><strong><em>καλόν-</em></strong></span> 
     </span>
     <span class='ocr_line' id='line_1_8' title="bbox 89 957 1038 1047; baseline 0.002 -23"><span class='ocrx_word' id='word_1_56' title='bbox 89 964 287 1043; x_wconf 84' lang='grc' dir='ltr'><strong><em>τιβολοῦντα</em></strong></span> <span class='ocrx_word' id='word_1_57' title='bbox 297 960 437 1028; x_wconf 79' lang='grc' dir='ltr'><strong><em>ἕκαστον</em></strong></span> <span class='ocrx_word' id='word_1_58' title='bbox 446 958 544 1046; x_wconf 72' lang='grc' dir='ltr'><strong><em>ὑμῶν</em></strong></span> <span class='ocrx_word' id='word_1_59' title='bbox 553 967 775 1047; x_wconf 73' lang='grc' dir='ltr'><strong><em>ψηφίσασθαι.</em></strong></span> <span class='ocrx_word' id='word_1_60' title='bbox 793 957 1038 1047; x_wconf 77' lang='grc' dir='ltr'><strong><em>οἷςύμεΐςκατό</em></strong></span> 
     </span>
     <span class='ocr_line' id='line_1_9' title="bbox 90 1055 1038 1148; baseline 0.003 -25"><span class='ocrx_word' id='word_1_61' title='bbox 90 1055 196 1124; x_wconf 77' lang='grc' dir='ltr'><strong><em>πολλὰ</em></strong></span> <span class='ocrx_word' id='word_1_62' title='bbox 211 1056 417 1144; x_wconf 83' lang='grc' dir='ltr'><strong><em>δικαιότερον</em></strong></span> <span class='ocrx_word' id='word_1_63' title='bbox 432 1057 633 1142; x_wconf 73' lang='grc' dir='ltr'><strong><em>πρόσθοισθ’</em></strong></span> <span class='ocrx_word' id='word_1_64' title='bbox 649 1056 693 1128; x_wconf 85' lang='grc' dir='ltr'><strong><em>ι’ίν</em></strong></span> <span class='ocrx_word' id='word_1_65' title='bbox 708 1056 731 1147; x_wconf 76' lang='grc' dir='ltr'><em>ἢ</em></span> <span class='ocrx_word' id='word_1_66' title='bbox 747 1060 868 1148; x_wconf 77' lang='grc' dir='ltr'><strong><em>τούτω·</em></strong></span> <span class='ocrx_word' id='word_1_67' title='bbox 900 1062 956 1129; x_wconf 85' lang='grc' dir='ltr'><strong><em>καλ</em></strong></span> <span class='ocrx_word' id='word_1_68' title='bbox 973 1057 1038 1145; x_wconf 83' lang='grc' dir='ltr'><strong><em>γὰρ</em></strong></span> 
     </span>
     <span class='ocr_line' id='line_1_10' title="bbox 89 1149 1039 1243; baseline 0.002 -21"><span class='ocrx_word' id='word_1_69' title='bbox 89 1153 301 1243; x_wconf 80' lang='grc' dir='ltr'><strong><em>ὀμωμόκατε,</em></strong></span> <span class='ocrx_word' id='word_1_70' title='bbox 331 1149 499 1243; x_wconf 76' lang='grc' dir='ltr'><strong><em>ύόίνδρες</em></strong></span> <span class='ocrx_word' id='word_1_71' title='bbox 516 1155 704 1243; x_wconf 79' lang='grc' dir='ltr'><strong><em>Ἀθηναῖοι,</em></strong></span> <span class='ocrx_word' id='word_1_72' title='bbox 730 1172 799 1237; x_wconf 75' lang='grc' dir='ltr'><strong><em>τοῖς</em></strong></span> <span class='ocrx_word' id='word_1_73' title='bbox 825 1156 941 1243; x_wconf 88' lang='grc' dir='ltr'><strong><em>νόμοις</em></strong></span> <span class='ocrx_word' id='word_1_74' title='bbox 967 1163 1039 1229; x_wconf 82' lang='grc' dir='ltr'><strong><em>πεί-</em></strong></span> 
     </span>
     <span class='ocr_line' id='line_1_11' title="bbox 87 1253 1039 1341; baseline 0.001 -20"><span class='ocrx_word' id='word_1_75' title='bbox 87 1265 230 1340; x_wconf 85' lang='grc' dir='ltr'><strong><em>θεσθαι,</em></strong></span> <span class='ocrx_word' id='word_1_76' title='bbox 257 1257 313 1323; x_wconf 78' lang='grc' dir='ltr'><strong><em>καὶ</em></strong></span> <span class='ocrx_word' id='word_1_77' title='bbox 338 1265 406 1324; x_wconf 81' lang='grc' dir='ltr'><strong><em>των</em></strong></span> <span class='ocrx_word' id='word_1_78' title='bbox 428 1266 511 1323; x_wconf 77' lang='grc' dir='ltr'><strong><em>ἴσων</em></strong></span> <span class='ocrx_word' id='word_1_79' title='bbox 531 1259 681 1341; x_wconf 81' lang='grc' dir='ltr'><strong><em>μέτεστιν</em></strong></span> <span class='ocrx_word' id='word_1_80' title='bbox 702 1253 783 1341; x_wconf 76' lang='grc' dir='ltr'><strong><em>ύμῖν</em></strong></span> <span class='ocrx_word' id='word_1_81' title='bbox 800 1253 854 1323; x_wconf 74' lang='grc' dir='ltr'><strong><em>διὰ</em></strong></span> <span class='ocrx_word' id='word_1_82' title='bbox 881 1254 959 1333; x_wconf 87' lang='grc' dir='ltr'><strong><em>τούς</em></strong></span> <span class='ocrx_word' id='word_1_83' title='bbox 981 1256 1039 1322; x_wconf 89' lang='grc' dir='ltr'><strong><em>νό-</em></strong></span> 
     </span>
     <span class='ocr_line' id='line_1_12' title="bbox 88 1350 1039 1439; baseline 0.001 -19"><span class='ocrx_word' id='word_1_84' title='bbox 88 1380 186 1439; x_wconf 90' lang='grc' dir='ltr'><strong><em>μους,</em></strong></span> <span class='ocrx_word' id='word_1_85' title='bbox 204 1356 259 1420; x_wconf 82' lang='grc' dir='ltr'><strong><em>καὶ</em></strong></span> <span class='ocrx_word' id='word_1_86' title='bbox 276 1350 377 1420; x_wconf 79' lang='grc' dir='ltr'><strong><em>πάνθ’</em></strong></span> <span class='ocrx_word' id='word_1_87' title='bbox 398 1352 462 1419; x_wconf 79' lang='grc' dir='ltr'><strong><em>ὅσα</em></strong></span> <span class='ocrx_word' id='word_1_88' title='bbox 482 1356 570 1419; x_wconf 75' lang='grc' dir='ltr'><strong><em>ἐστὶν</em></strong></span> <span class='ocrx_word' id='word_1_89' title='bbox 587 1353 699 1438; x_wconf 74' lang='grc' dir='ltr'><strong><em>ἄγαθόι</em></strong></span> <span class='ocrx_word' id='word_1_90' title='bbox 715 1353 795 1437; x_wconf 81' lang='grc' dir='ltr'><strong><em>ύμῖν</em></strong></span> <span class='ocrx_word' id='word_1_91' title='bbox 813 1351 867 1420; x_wconf 78' lang='grc' dir='ltr'><strong><em>διὰ</em></strong></span> <span class='ocrx_word' id='word_1_92' title='bbox 883 1352 962 1430; x_wconf 87' lang='grc' dir='ltr'><strong><em>τούς</em></strong></span> <span class='ocrx_word' id='word_1_93' title='bbox 978 1354 1039 1421; x_wconf 91' lang='grc' dir='ltr'><strong><em>υό-</em></strong></span> 
     </span>
     <span class='ocr_line' id='line_1_13' title="bbox 89 1449 1038 1534; baseline 0.003 -18"><span class='ocrx_word' id='word_1_94' title='bbox 89 1478 173 1534; x_wconf 85' lang='grc' dir='ltr'><strong><em>μους</em></strong></span> <span class='ocrx_word' id='word_1_95' title='bbox 193 1454 298 1532; x_wconf 84' lang='grc' dir='ltr'><strong><em>έστὶν,</em></strong></span> <span class='ocrx_word' id='word_1_96' title='bbox 321 1449 363 1516; x_wconf 89' lang='grc' dir='ltr'><strong><em>ού</em></strong></span> <span class='ocrx_word' id='word_1_97' title='bbox 385 1449 439 1517; x_wconf 78' lang='grc' dir='ltr'><strong><em>διὰ</em></strong></span> <span class='ocrx_word' id='word_1_98' title='bbox 456 1455 603 1518; x_wconf 77' lang='grc' dir='ltr'><strong><em>Μειδίαν</em></strong></span> <span class='ocrx_word' id='word_1_99' title='bbox 623 1450 702 1520; x_wconf 79' lang='grc' dir='ltr'><strong><em>οὐδὲ</em></strong></span> <span class='ocrx_word' id='word_1_100' title='bbox 725 1452 781 1519; x_wconf 77' lang='grc' dir='ltr'><strong><em>διδ</em></strong></span> <span class='ocrx_word' id='word_1_101' title='bbox 798 1449 878 1529; x_wconf 83' lang='grc' dir='ltr'><strong><em>τούς</em></strong></span> <span class='ocrx_word' id='word_1_102' title='bbox 893 1457 1038 1519; x_wconf 76' lang='grc' dir='ltr'><strong><em>Μειδίου</em></strong></span> 
     </span>
     <span class='ocr_line' id='line_1_14' title="bbox 89 1554 215 1626; baseline 0 -14"><span class='ocrx_word' id='word_1_103' title='bbox 89 1554 215 1626; x_wconf 79' lang='grc' dir='ltr'><strong><em>παῖδας.</em></strong></span> 
     </span>
    </p>

    <p class='ocr_par' dir='ltr' id='par_1_4' title="bbox 35 1639 1095 2230">
     <span class='ocr_line' id='line_1_15' title="bbox 35 1639 1036 1736; baseline 0.001 -25"><span class='ocrx_word' id='word_1_104' title='bbox 35 1662 79 1714; x_wconf 60' lang='grc'><strong><em>[89</em></strong></span> <span class='ocrx_word' id='word_1_105' title='bbox 171 1649 237 1714; x_wconf 83' lang='grc' dir='ltr'><strong><em>Καὶ</em></strong></span> <span class='ocrx_word' id='word_1_106' title='bbox 252 1644 385 1733; x_wconf 74' lang='grc' dir='ltr'><strong><em>“ρη’τωρ</em></strong></span> <span class='ocrx_word' id='word_1_107' title='bbox 402 1649 492 1715; x_wconf 78' lang='grc' dir='ltr'><strong><em>ἐστὶν</em></strong></span> <span class='ocrx_word' id='word_1_108' title='bbox 511 1639 624 1728; x_wconf 71' lang='grc' dir='ltr'><strong><em>οὔτας’</em></strong></span> <span class='ocrx_word' id='word_1_109' title='bbox 644 1659 723 1729; x_wconf 85' lang='grc' dir='ltr'><strong><em>ίσως</em></strong></span> <span class='ocrx_word' id='word_1_110' title='bbox 738 1649 904 1736; x_wconf 73' lang='grc' dir='ltr'><strong><em>ἐμὲφησει</em></strong></span> <span class='ocrx_word' id='word_1_111' title='bbox 919 1652 1036 1734; x_wconf 81' lang='grc' dir='ltr'><strong><em>λέγων.</em></strong></span> 
     </span>
     <span class='ocr_line' id='line_1_16' title="bbox 87 1742 1037 1835; baseline 0.002 -24"><span class='ocrx_word' id='word_1_112' title='bbox 87 1742 152 1829; x_wconf 77' lang='grc' dir='ltr'><strong><em>ἐγω</em></strong></span> <span class='ocrx_word' id='word_1_113' title='bbox 165 1743 210 1830; x_wconf 88' lang='grc' dir='ltr'><strong><em>δ’,</em></strong></span> <span class='ocrx_word' id='word_1_114' title='bbox 223 1752 254 1814; x_wconf 87' lang='grc' dir='ltr'><strong><em>εί</em></strong></span> <span class='ocrx_word' id='word_1_115' title='bbox 262 1746 323 1831; x_wconf 74' lang='grc' dir='ltr'><strong><em>μὲν</em></strong></span> <span class='ocrx_word' id='word_1_116' title='bbox 334 1744 352 1814; x_wconf 90' lang='grc' dir='ltr'><strong><em>ό</em></strong></span> <span class='ocrx_word' id='word_1_117' title='bbox 364 1746 607 1834; x_wconf 79' lang='grc' dir='ltr'><strong><em>συμβουλεύων</em></strong></span> <span class='ocrx_word' id='word_1_118' title='bbox 624 1747 645 1816; x_wconf 85' lang='grc' dir='ltr'><strong><em>ό</em></strong></span> <span class='ocrx_word' id='word_1_119' title='bbox 660 1775 691 1816; x_wconf 93' lang='grc' dir='ltr'><strong><em>τι</em></strong></span> <span class='ocrx_word' id='word_1_120' title='bbox 703 1745 746 1815; x_wconf 83' lang='grc' dir='ltr'><strong><em>όίυ</em></strong></span> <span class='ocrx_word' id='word_1_121' title='bbox 763 1748 946 1835; x_wconf 74' lang='grc' dir='ltr'><strong><em>συμφέρειν</em></strong></span> <span class='ocrx_word' id='word_1_122' title='bbox 957 1745 1037 1830; x_wconf 83' lang='grc' dir='ltr'><strong><em>ὑμῖν</em></strong></span> 
     </span>
     <span class='ocr_line' id='line_1_17' title="bbox 87 1841 1037 1933; baseline -0.002 -21"><span class='ocrx_word' id='word_1_123' title='bbox 87 1841 220 1930; x_wconf 81' lang='grc' dir='ltr'><strong><em>ἡγῆται,</em></strong></span> <span class='ocrx_word' id='word_1_124' title='bbox 232 1849 287 1913; x_wconf 80' lang='grc' dir='ltr'><strong><em>καὶ</em></strong></span> <span class='ocrx_word' id='word_1_125' title='bbox 296 1844 388 1915; x_wconf 83' lang='grc' dir='ltr'><strong><em>τοῦτ’</em></strong></span> <span class='ocrx_word' id='word_1_126' title='bbox 401 1845 478 1933; x_wconf 85' lang='grc' dir='ltr'><strong><em>όίχρι</em></strong></span> <span class='ocrx_word' id='word_1_127' title='bbox 489 1855 551 1915; x_wconf 86' lang='grc' dir='ltr'><strong><em>τού</em></strong></span> <span class='ocrx_word' id='word_1_128' title='bbox 561 1847 665 1932; x_wconf 72' lang='grc' dir='ltr'><strong><em>μηδὲν</em></strong></span> <span class='ocrx_word' id='word_1_129' title='bbox 682 1844 764 1933; x_wconf 80' lang='grc' dir='ltr'><strong><em>ὑμίν</em></strong></span> <span class='ocrx_word' id='word_1_130' title='bbox 777 1851 934 1932; x_wconf 76' lang='grc' dir='ltr'><strong><em>ἐνοχλεῖν,</em></strong></span> <span class='ocrx_word' id='word_1_131' title='bbox 955 1842 1037 1930; x_wconf 70' lang='grc' dir='ltr'><strong><em>μηδὲ</em></strong></span> 
     </span>
     <span class='ocr_line' id='line_1_18' title="bbox 86 1940 1035 2032; baseline 0.001 -23"><span class='ocrx_word' id='word_1_132' title='bbox 86 1945 274 2031; x_wconf 82' lang='grc' dir='ltr'><strong><em>βιάζεσθαι,</em></strong></span> <span class='ocrx_word' id='word_1_133' title='bbox 297 1948 406 2032; x_wconf 79' lang='grc' dir='ltr'><strong><em>ῥήτωρ</em></strong></span> <span class='ocrx_word' id='word_1_134' title='bbox 418 1949 523 2030; x_wconf 80' lang='grc' dir='ltr'><strong><em>ἐστὶν,</em></strong></span> <span class='ocrx_word' id='word_1_135' title='bbox 547 1946 624 2013; x_wconf 82' lang='grc' dir='ltr'><strong><em>οὔτε</em></strong></span> <span class='ocrx_word' id='word_1_136' title='bbox 637 1943 770 2031; x_wconf 88' lang='grc' dir='ltr'><strong><em>φύγοιμ’</em></strong></span> <span class='ocrx_word' id='word_1_137' title='bbox 785 1942 829 2013; x_wconf 80' lang='grc' dir='ltr'><strong><em>όν</em></strong></span> <span class='ocrx_word' id='word_1_138' title='bbox 841 1942 912 2014; x_wconf 78' lang='grc' dir='ltr'><strong><em>οὔτ’</em></strong></span> <span class='ocrx_word' id='word_1_139' title='bbox 926 1940 1035 2028; x_wconf 84' lang='grc' dir='ltr'><strong><em>ἄπαρ-</em></strong></span> 
     </span>
     <span class='ocr_line' id='line_1_19' title="bbox 85 2043 1035 2131; baseline -0.001 -22"><span class='ocrx_word' id='word_1_140' title='bbox 85 2051 209 2130; x_wconf 83' lang='grc' dir='ltr'><strong><em>νούμαι</em></strong></span> <span class='ocrx_word' id='word_1_141' title='bbox 229 2052 327 2114; x_wconf 80' lang='grc' dir='ltr'><strong><em>τοῦτο</em></strong></span> <span class='ocrx_word' id='word_1_142' title='bbox 349 2043 513 2131; x_wconf 86' lang='grc' dir='ltr'><strong><em>τούνομα·</em></strong></span> <span class='ocrx_word' id='word_1_143' title='bbox 537 2051 568 2112; x_wconf 87' lang='grc' dir='ltr'><strong><em>εί</em></strong></span> <span class='ocrx_word' id='word_1_144' title='bbox 583 2047 696 2130; x_wconf 87' lang='grc' dir='ltr'><strong><em>μέντοι</em></strong></span> <span class='ocrx_word' id='word_1_145' title='bbox 715 2044 826 2130; x_wconf 76' lang='grc' dir='ltr'><strong><em>ῥήτωρ</em></strong></span> <span class='ocrx_word' id='word_1_146' title='bbox 843 2045 1035 2120; x_wconf 79' lang='grc' dir='ltr'><strong><em>έστλνοίους</em></strong></span> 
     </span>
     <span class='ocr_line' id='line_1_20' title="bbox 85 2139 1095 2230; baseline -0.001 -23"><span class='ocrx_word' id='word_1_147' title='bbox 85 2145 194 2221; x_wconf 86' lang='grc' dir='ltr'><strong><em>ένίους</em></strong></span> <span class='ocrx_word' id='word_1_148' title='bbox 205 2153 274 2211; x_wconf 71' lang='grc' dir='ltr'><strong><em>τοῖν</em></strong></span> <span class='ocrx_word' id='word_1_149' title='bbox 285 2145 452 2230; x_wconf 90' lang='grc' dir='ltr'><strong><em>λεγόντων</em></strong></span> <span class='ocrx_word' id='word_1_150' title='bbox 463 2145 526 2229; x_wconf 76' lang='grc' dir='ltr'><strong><em>ἐγω</em></strong></span> <span class='ocrx_word' id='word_1_151' title='bbox 539 2147 594 2210; x_wconf 85' lang='grc' dir='ltr'><strong><em>καλ</em></strong></span> <span class='ocrx_word' id='word_1_152' title='bbox 605 2141 697 2228; x_wconf 78' lang='grc' dir='ltr'><strong><em>ὑμεῖς</em></strong></span> <span class='ocrx_word' id='word_1_153' title='bbox 709 2143 744 2211; x_wconf 77' lang='grc' dir='ltr'><strong><em>δὲ</em></strong></span> <span class='ocrx_word' id='word_1_154' title='bbox 755 2141 870 2227; x_wconf 74' lang='grc' dir='ltr'><strong><em>ὁρᾶτε,</em></strong></span> <span class='ocrx_word' id='word_1_155' title='bbox 890 2139 1035 2218; x_wconf 75' lang='grc' dir='ltr'><strong><em>ἀναιδεῖς</em></strong></span> <span class='ocrx_word' id='word_1_156' title='bbox 1044 2161 1095 2214; x_wconf 76' lang='lat'><strong><em>575</em></strong></span> 
     </span>
    </p>

    <p class='ocr_par' dir='ltr' id='par_1_5' title="bbox 82 2230 1071 2720">
     <span class='ocr_line' id='line_1_21' title="bbox 329 2230 1032 2326; baseline -0.01 -17"><span class='ocrx_word' id='word_1_157' title='bbox 329 2242 614 2326; x_wconf 76' lang='grc' dir='ltr'><strong><em>πεπλουτηκότας,</em></strong></span> <span class='ocrx_word' id='word_1_158' title='bbox 631 2239 694 2307; x_wconf 90' lang='grc' dir='ltr'><strong><em>ούκ</em></strong></span> <span class='ocrx_word' id='word_1_159' title='bbox 705 2236 748 2306; x_wconf 85' lang='grc' dir='ltr'><strong><em>όίν</em></strong></span> <span class='ocrx_word' id='word_1_160' title='bbox 760 2249 833 2324; x_wconf 76' lang='grc' dir='ltr'><strong><em>είην</em></strong></span> <span class='ocrx_word' id='word_1_161' title='bbox 844 2230 942 2315; x_wconf 76' lang='grc' dir='ltr'><strong><em>οὗτος</em></strong></span> <span class='ocrx_word' id='word_1_162' title='bbox 953 2236 1017 2320; x_wconf 78' lang='grc' dir='ltr'><strong><em>ἐγώ</em></strong></span> <span class='ocrx_word' id='word_1_163' title='bbox 1025 2263 1032 2274; x_wconf 89' lang='lat'><strong>·</strong></span> 
     </span>
     <span class='ocr_line' id='line_1_22' title="bbox 85 2334 1035 2423; baseline -0.003 -20"><span class='ocrx_word' id='word_1_164' title='bbox 85 2346 205 2423; x_wconf 85' lang='grc' dir='ltr'><strong><em>είληφα</em></strong></span> <span class='ocrx_word' id='word_1_165' title='bbox 217 2340 280 2422; x_wconf 74' lang='grc' dir='ltr'><strong><em>μὲν</em></strong></span> <span class='ocrx_word' id='word_1_166' title='bbox 296 2340 361 2422; x_wconf 81' lang='grc' dir='ltr'><strong><em>γόιρ</em></strong></span> <span class='ocrx_word' id='word_1_167' title='bbox 374 2336 447 2405; x_wconf 82' lang='grc' dir='ltr'><strong><em>οὐδ’</em></strong></span> <span class='ocrx_word' id='word_1_168' title='bbox 461 2336 577 2406; x_wconf 81' lang='grc' dir='ltr'><strong><em>ὁτιοῦν</em></strong></span> <span class='ocrx_word' id='word_1_169' title='bbox 587 2335 659 2422; x_wconf 88' lang='grc' dir='ltr'><strong><em>παρ’</em></strong></span> <span class='ocrx_word' id='word_1_170' title='bbox 674 2336 781 2422; x_wconf 70' lang='grc' dir='ltr'><strong><em>ὑμῶν,</em></strong></span> <span class='ocrx_word' id='word_1_171' title='bbox 798 2337 838 2402; x_wconf 82' lang='grc' dir='ltr'><strong><em>τὰ</em></strong></span> <span class='ocrx_word' id='word_1_172' title='bbox 851 2336 887 2403; x_wconf 76' lang='grc' dir='ltr'><strong><em>δέ</em></strong></span> <span class='ocrx_word' id='word_1_173' title='bbox 898 2334 978 2403; x_wconf 81' lang='grc' dir='ltr'><strong><em>ὄντα</em></strong></span> <span class='ocrx_word' id='word_1_174' title='bbox 991 2341 1035 2414; x_wconf 87' lang='grc' dir='ltr'><strong><em>είς</em></strong></span> 
     </span>
     <span class='ocr_line' id='line_1_23' title="bbox 84 2432 1071 2522; baseline 0.001 -22"><span class='ocrx_word' id='word_1_175' title='bbox 84 2432 171 2518; x_wconf 80' lang='grc' dir='ltr'><strong><em>ὑμᾶς</em></strong></span> <span class='ocrx_word' id='word_1_176' title='bbox 181 2432 270 2521; x_wconf 76' lang='grc' dir='ltr'><strong><em>πλην</em></strong></span> <span class='ocrx_word' id='word_1_177' title='bbox 280 2435 371 2503; x_wconf 80' lang='grc' dir='ltr'><strong><em>πάνυ</em></strong></span> <span class='ocrx_word' id='word_1_178' title='bbox 381 2444 511 2522; x_wconf 77' lang='grc' dir='ltr'><strong><em>μικρῶν</em></strong></span> <span class='ocrx_word' id='word_1_179' title='bbox 528 2433 649 2503; x_wconf 81' lang='grc' dir='ltr'><strong><em>ἅπαντ’</em></strong></span> <span class='ocrx_word' id='word_1_180' title='bbox 662 2433 828 2521; x_wconf 73' lang='grc' dir='ltr'><strong><em>ἀνήλωκα.</em></strong></span> <span class='ocrx_word' id='word_1_181' title='bbox 858 2441 966 2502; x_wconf 88' lang='grc' dir='ltr'><strong><em>καίτοι</em></strong></span> <span class='ocrx_word' id='word_1_182' title='bbox 979 2436 1034 2501; x_wconf 82' lang='grc' dir='ltr'><strong><em>καὶ</em></strong></span> <span class='ocrx_word' id='word_1_183' title='bbox 1069 2449 1071 2454; x_wconf 85' lang='grc'><strong>“</strong></span> 
     </span>
     <span class='ocr_line' id='line_1_24' title="bbox 84 2526 1031 2621; baseline 0.001 -23"><span class='ocrx_word' id='word_1_184' title='bbox 84 2538 115 2598; x_wconf 90' lang='grc' dir='ltr'><strong><em>εί</em></strong></span> <span class='ocrx_word' id='word_1_185' title='bbox 123 2533 253 2600; x_wconf 89' lang='grc' dir='ltr'><strong><em>τούτων</em></strong></span> <span class='ocrx_word' id='word_1_186' title='bbox 263 2526 308 2620; x_wconf 79' lang='grc' dir='ltr'><strong><em>ἦν</em></strong></span> <span class='ocrx_word' id='word_1_187' title='bbox 319 2533 553 2621; x_wconf 89' lang='grc' dir='ltr'><strong><em>πονηρότατος,</em></strong></span> <span class='ocrx_word' id='word_1_188' title='bbox 561 2534 646 2602; x_wconf 78' lang='grc' dir='ltr'><strong><em>κατὰ</em></strong></span> <span class='ocrx_word' id='word_1_189' title='bbox 656 2531 735 2613; x_wconf 86' lang='grc' dir='ltr'><strong><em>τούς</em></strong></span> <span class='ocrx_word' id='word_1_190' title='bbox 745 2533 870 2619; x_wconf 86' lang='grc' dir='ltr'><strong><em>νόμους</em></strong></span> <span class='ocrx_word' id='word_1_191' title='bbox 880 2538 947 2601; x_wconf 75' lang='grc' dir='ltr'><strong><em>ἔδει</em></strong></span> <span class='ocrx_word' id='word_1_192' title='bbox 958 2533 1031 2616; x_wconf 84' lang='grc' dir='ltr'><strong><em>παρ’</em></strong></span> 
     </span>
     <span class='ocr_line' id='line_1_25' title="bbox 82 2629 1033 2720; baseline 0.001 -24"><span class='ocrx_word' id='word_1_193' title='bbox 82 2634 164 2714; x_wconf 78' lang='grc' dir='ltr'><strong><em>ἐμοῦ</em></strong></span> <span class='ocrx_word' id='word_1_194' title='bbox 174 2636 271 2718; x_wconf 89' lang='grc' dir='ltr'><strong><em>δίκην</em></strong></span> <span class='ocrx_word' id='word_1_195' title='bbox 281 2634 475 2720; x_wconf 78' lang='grc' dir='ltr'><strong><em>λαμβάνειν,</em></strong></span> <span class='ocrx_word' id='word_1_196' title='bbox 493 2631 556 2701; x_wconf 89' lang='grc' dir='ltr'><strong><em>ούκ</em></strong></span> <span class='ocrx_word' id='word_1_197' title='bbox 567 2631 616 2720; x_wconf 77' lang='grc' dir='ltr'><strong><em>ἐφ’</em></strong></span> <span class='ocrx_word' id='word_1_198' title='bbox 630 2629 679 2712; x_wconf 81' lang='grc' dir='ltr'><strong><em>οἷς</em></strong></span> <span class='ocrx_word' id='word_1_199' title='bbox 689 2633 924 2719; x_wconf 74' lang='grc' dir='ltr'><strong><em>ἐλειτούργουν</em></strong></span> <span class='ocrx_word' id='word_1_200' title='bbox 935 2631 1033 2718; x_wconf 81' lang='grc' dir='ltr'><strong><em>ὑβρί-</em></strong></span> 
     </span>
    </p>

    <p class='ocr_par' dir='ltr' id='par_1_6' title="bbox 41 2729 1033 3408">
     <span class='ocr_line' id='line_1_26' title="bbox 41 2729 1033 2818; baseline 0.004 -25"><span class='ocrx_word' id='word_1_201' title='bbox 41 2740 75 2794; x_wconf 84' lang='lat'><strong><em>90</em></strong></span> <span class='ocrx_word' id='word_1_202' title='bbox 82 2734 156 2808; x_wconf 85' lang='grc' dir='ltr'><strong><em>ζειν.</em></strong></span> <span class='ocrx_word' id='word_1_203' title='bbox 181 2736 228 2797; x_wconf 80' lang='grc' dir='ltr'><strong><em>ἔτι</em></strong></span> <span class='ocrx_word' id='word_1_204' title='bbox 239 2740 356 2798; x_wconf 90' lang='grc' dir='ltr'><strong><em>τοίνυν</em></strong></span> <span class='ocrx_word' id='word_1_205' title='bbox 367 2729 477 2811; x_wconf 86' lang='grc' dir='ltr'><strong><em>ούδείς</em></strong></span> <span class='ocrx_word' id='word_1_206' title='bbox 493 2737 583 2800; x_wconf 83' lang='grc' dir='ltr'><strong><em>ἐστιν</em></strong></span> <span class='ocrx_word' id='word_1_207' title='bbox 593 2731 684 2812; x_wconf 79' lang='grc' dir='ltr'><strong><em>ὅστις</em></strong></span> <span class='ocrx_word' id='word_1_208' title='bbox 699 2735 769 2818; x_wconf 73' lang='grc' dir='ltr'><strong><em>ἐμοὶ</em></strong></span> <span class='ocrx_word' id='word_1_209' title='bbox 786 2739 855 2798; x_wconf 72' lang='grc' dir='ltr'><strong><em>τοῖν</em></strong></span> <span class='ocrx_word' id='word_1_210' title='bbox 865 2732 1033 2815; x_wconf 85' lang='grc' dir='ltr'><strong><em>λεγόντων</em></strong></span> 
     </span>
     <span class='ocr_line' id='line_1_27' title="bbox 81 2827 1033 2918; baseline 0.005 -27"><span class='ocrx_word' id='word_1_211' title='bbox 81 2834 346 2910; x_wconf 83' lang='grc' dir='ltr'><strong><em>συναγωνίζεται.</em></strong></span> <span class='ocrx_word' id='word_1_212' title='bbox 391 2832 446 2898; x_wconf 85' lang='grc' dir='ltr'><strong><em>καλ</em></strong></span> <span class='ocrx_word' id='word_1_213' title='bbox 462 2829 576 2899; x_wconf 82' lang='grc' dir='ltr'><strong><em>οὐδενὶ</em></strong></span> <span class='ocrx_word' id='word_1_214' title='bbox 591 2833 775 2918; x_wconf 87' lang='grc' dir='ltr'><strong><em>μέμφομαι·</em></strong></span> <span class='ocrx_word' id='word_1_215' title='bbox 797 2827 877 2898; x_wconf 83' lang='grc' dir='ltr'><strong><em>ούδὲ</em></strong></span> <span class='ocrx_word' id='word_1_216' title='bbox 893 2828 957 2916; x_wconf 79' lang='grc' dir='ltr'><strong><em>γόρ</em></strong></span> <span class='ocrx_word' id='word_1_217' title='bbox 970 2829 1033 2896; x_wconf 90' lang='grc' dir='ltr'><strong><em>αύ-</em></strong></span> 
     </span>
     <span class='ocr_line' id='line_1_28' title="bbox 79 2922 1030 3016; baseline 0.005 -27"><span class='ocrx_word' id='word_1_218' title='bbox 79 2922 136 3001; x_wconf 89' lang='grc' dir='ltr'><strong><em>τός</em></strong></span> <span class='ocrx_word' id='word_1_219' title='bbox 146 2923 286 3004; x_wconf 80' lang='grc' dir='ltr'><strong><em>οὐδενός</em></strong></span> <span class='ocrx_word' id='word_1_220' title='bbox 295 2929 393 2996; x_wconf 76' lang='grc' dir='ltr'><strong><em>ἕνεκα</em></strong></span> <span class='ocrx_word' id='word_1_221' title='bbox 403 2928 533 2998; x_wconf 88' lang='grc' dir='ltr'><strong><em>τούτων</em></strong></span> <span class='ocrx_word' id='word_1_222' title='bbox 544 2928 644 2999; x_wconf 73' lang='grc' dir='ltr'><strong><em>οὐδὲν</em></strong></span> <span class='ocrx_word' id='word_1_223' title='bbox 654 2935 691 2998; x_wconf 79' lang='grc' dir='ltr'><strong><em>ἐν</em></strong></span> <span class='ocrx_word' id='word_1_224' title='bbox 701 2928 782 3016; x_wconf 80' lang='grc' dir='ltr'><strong><em>ύμῖν</em></strong></span> <span class='ocrx_word' id='word_1_225' title='bbox 792 2928 912 2999; x_wconf 73' lang='grc' dir='ltr'><strong><em>πώποτ’</em></strong></span> <span class='ocrx_word' id='word_1_226' title='bbox 927 2929 1030 3010; x_wconf 81' lang='grc' dir='ltr'><strong><em>εἷπον,</em></strong></span> 
     </span>
     <span class='ocr_line' id='line_1_29' title="bbox 81 3018 1031 3115; baseline 0.005 -28"><span class='ocrx_word' id='word_1_227' title='bbox 81 3018 150 3088; x_wconf 76' lang='grc' dir='ltr'><strong><em>ἀλλ’</em></strong></span> <span class='ocrx_word' id='word_1_228' title='bbox 168 3019 282 3102; x_wconf 73' lang='grc' dir='ltr'><strong><em>ἁπλῶς</em></strong></span> <span class='ocrx_word' id='word_1_229' title='bbox 298 3023 367 3093; x_wconf 86' lang='grc' dir='ltr'><strong><em>κατ’</em></strong></span> <span class='ocrx_word' id='word_1_230' title='bbox 387 3027 532 3113; x_wconf 81' lang='grc' dir='ltr'><strong><em>ἐμαυτόν</em></strong></span> <span class='ocrx_word' id='word_1_231' title='bbox 551 3033 658 3113; x_wconf 63' lang='grc' dir='ltr'><strong><em>ἔγνων</em></strong></span> <span class='ocrx_word' id='word_1_232' title='bbox 675 3033 731 3098; x_wconf 80' lang='grc' dir='ltr'><strong><em>καὶ</em></strong></span> <span class='ocrx_word' id='word_1_233' title='bbox 741 3034 850 3115; x_wconf 88' lang='grc' dir='ltr'><strong><em>λέγειν</em></strong></span> <span class='ocrx_word' id='word_1_234' title='bbox 860 3029 915 3095; x_wconf 87' lang='grc' dir='ltr'><strong><em>καὶ</em></strong></span> <span class='ocrx_word' id='word_1_235' title='bbox 926 3027 1031 3109; x_wconf 87' lang='grc' dir='ltr'><strong><em>πρότ-</em></strong></span> 
     </span>
     <span class='ocr_line' id='line_1_30' title="bbox 80 3116 1030 3212; baseline 0.004 -28"><span class='ocrx_word' id='word_1_236' title='bbox 80 3145 148 3185; x_wconf 86' lang='grc' dir='ltr'><strong><em>τειν</em></strong></span> <span class='ocrx_word' id='word_1_237' title='bbox 160 3118 180 3186; x_wconf 88' lang='grc' dir='ltr'><strong><em>ό</em></strong></span> <span class='ocrx_word' id='word_1_238' title='bbox 191 3147 221 3186; x_wconf 87' lang='grc' dir='ltr'><strong><em>τι</em></strong></span> <span class='ocrx_word' id='word_1_239' title='bbox 233 3116 277 3188; x_wconf 88' lang='grc' dir='ltr'><strong><em>όίν</em></strong></span> <span class='ocrx_word' id='word_1_240' title='bbox 287 3129 460 3210; x_wconf 83' lang='grc' dir='ltr'><strong><em>συμφέρον</em></strong></span> <span class='ocrx_word' id='word_1_241' title='bbox 470 3123 552 3211; x_wconf 81' lang='grc' dir='ltr'><strong><em>ύμῖν</em></strong></span> <span class='ocrx_word' id='word_1_242' title='bbox 562 3123 701 3212; x_wconf 73' lang='grc' dir='ltr'><strong><em>ἡγῶμαι.</em></strong></span> <span class='ocrx_word' id='word_1_243' title='bbox 732 3124 815 3193; x_wconf 79' lang='grc' dir='ltr'><strong><em>ἄλλό</em></strong></span> <span class='ocrx_word' id='word_1_244' title='bbox 826 3125 933 3212; x_wconf 75' lang='grc' dir='ltr'><strong><em>τούτῳ</em></strong></span> <span class='ocrx_word' id='word_1_245' title='bbox 945 3123 1030 3189; x_wconf 84' lang='grc' dir='ltr'><strong><em>πάν-</em></strong></span> 
     </span>
     <span class='ocr_line' id='line_1_31' title="bbox 78 3218 1030 3310; baseline 0.007 -28"><span class='ocrx_word' id='word_1_246' title='bbox 78 3244 136 3296; x_wconf 88' lang='grc' dir='ltr'><strong><em>τας</em></strong></span> <span class='ocrx_word' id='word_1_247' title='bbox 154 3218 273 3288; x_wconf 87' lang='grc' dir='ltr'><strong><em>αύτίκα</em></strong></span> <span class='ocrx_word' id='word_1_248' title='bbox 292 3221 331 3309; x_wconf 79' lang='grc' dir='ltr'><strong><em>δὴ</em></strong></span> <span class='ocrx_word' id='word_1_249' title='bbox 348 3224 438 3309; x_wconf 83' lang='grc' dir='ltr'><strong><em>μύλα</em></strong></span> <span class='ocrx_word' id='word_1_250' title='bbox 457 3228 772 3310; x_wconf 78' lang='grc' dir='ltr'><strong><em>συνεξεταζομένους</em></strong></span> <span class='ocrx_word' id='word_1_251' title='bbox 792 3220 872 3301; x_wconf 80' lang='grc' dir='ltr'><strong><em>τοὺς</em></strong></span> <span class='ocrx_word' id='word_1_252' title='bbox 888 3222 1030 3308; x_wconf 82' lang='grc' dir='ltr'><strong><em>ῥήτορας</em></strong></span> 
     </span>
     <span class='ocr_line' id='line_1_32' title="bbox 77 3311 1030 3408; baseline 0.006 -27"><span class='ocrx_word' id='word_1_253' title='bbox 77 3311 194 3395; x_wconf 72' lang='grc' dir='ltr'><strong><em>ὄψεσθ’</em></strong></span> <span class='ocrx_word' id='word_1_254' title='bbox 208 3320 332 3404; x_wconf 82' lang='grc' dir='ltr'><strong><em>ἐφεξῆς.</em></strong></span> <span class='ocrx_word' id='word_1_255' title='bbox 367 3326 474 3390; x_wconf 89' lang='grc' dir='ltr'><strong><em>καίτοι</em></strong></span> <span class='ocrx_word' id='word_1_256' title='bbox 490 3332 560 3402; x_wconf 73' lang='grc' dir='ltr'><strong><em>πῶς</em></strong></span> <span class='ocrx_word' id='word_1_257' title='bbox 576 3327 644 3390; x_wconf 79' lang='grc' dir='ltr'><strong><em>ἐστι</em></strong></span> <span class='ocrx_word' id='word_1_258' title='bbox 660 3328 789 3390; x_wconf 85' lang='grc' dir='ltr'><strong><em>δίκαιον</em></strong></span> <span class='ocrx_word' id='word_1_259' title='bbox 805 3321 952 3408; x_wconf 84' lang='grc' dir='ltr'><strong><em>τούνομα</em></strong></span> <span class='ocrx_word' id='word_1_260' title='bbox 968 3322 1030 3402; x_wconf 71' lang='grc' dir='ltr'><strong><em>μὲν</em></strong></span> 
     </span>
    </p>
   </div>
   <div class='ocr_carea' id='block_1_3' title="bbox 280 2249 294 2264">
    <p class='ocr_par' dir='ltr' id='par_1_7' title="bbox 280 2249 294 2264">
     <span class='ocr_line' id='line_1_33' title="bbox 280 2249 294 2264; baseline 0 0"><span class='ocrx_word' id='word_1_261' title='bbox 280 2249 294 2264; x_wconf 65' lang='lat' dir='ltr'><em>u</em></span> 
     </span>
    </p>
   </div>
   <div class='ocr_carea' id='block_1_4' title="bbox 0 0 1190 3854">
    <p class='ocr_par' dir='ltr' id='par_1_8' title="bbox 0 0 1190 3854">
     <span class='ocr_line' id='line_1_34' title="bbox 0 0 1190 3854; baseline 0 1"><span class='ocrx_word' id='word_1_262' title='bbox 0 0 1190 3854; x_wconf 95' lang='lat' dir='ltr'><strong><em> </em></strong></span> 
     </span>
    </p>
   </div>
  </div>
 </body>
</html>
