2370 3854
139 228 199 289 114
353 227 425 282 XXI.
460 217 880 282 ΔΗΜΟΣΘΕΝΟΤΣ

137 395 354 474 γεγενῆσθαι,
378 381 493 468 καὶμὴ
514 383 588 465 περὶ
599 378 662 464 τὴν
672 376 792 464 ἑορτήν
802 376 987 464 ἀδικήματα
998 376 1095 446 ταῦτ’

138 485 238 568 εἶναι,
260 478 437 552 καὶπολλὰ
457 475 502 546 ἀν
518 477 583 563 εἶχέ
597 503 647 556 τις
657 474 761 545 αὑτὸν
771 477 1100 564 παραμυθήσασθαι

138 591 205 653 νῦν
222 581 258 650 δὲ
276 587 373 649 τοῦτο
392 581 447 646 καὶ
464 576 654 644 πάντωνάυ
664 602 721 662 μοι
732 575 925 644 δεινότατον
936 582 1099 664 συμβαίη,

76 704 129 760 κιο
140 688 170 751 εί
185 678 261 768 παρ’
282 676 368 746 αὐτοὶ
384 678 445 762 μὲν
461 673 667 760 τάδικήματα
684 673 792 754 οὕτως
807 671 948 761 ὀργίλως
967 677 1023 744 καὶ
1040 700 1099 743 πι-

139 787 227 865 κροῖς
244 779 299 845 καὶ
317 781 466 861 χαλεποῖς
492 773 635 852 ἀπαντες
658 777 785 858 ἔχοντες
809 775 989 858 ἐφαίνεσθε
1011 771 1100 842 ὥστε

138 878 375 960 Νεοπτολέμου
385 874 442 940 καὶ
451 874 694 958 Μνησαρχίδου
705 873 760 939 καὶ
767 874 968 938 Φιλιππίδου
979 880 1038 940 καί
1046 900 1101 941 τι-

140 1003 197 1054 νος
206 982 274 1042 τῶν
287 972 420 1057 σφόδρα
430 977 601 1038 πλουσίων
611 969 740 1038 τούτων
757 974 924 1056 δεομένων
939 973 995 1040 καὶ
1013 974 1102 1059 ἐμοῦ

139 1074 195 1140 καὶ
213 1067 312 1155 ὑμεῖν
332 1071 448 1156 ἐβοᾶτε
465 1066 510 1154 μή
528 1065 679 1154 ἀφεῖναι,
700 1071 756 1136 καὶ
773 1070 1024 1151 προσελθόντος
1039 1097 1101 1158 μοι

138 1176 304 1240 Βλεπαίου
325 1177 388 1236 τοῦ
401 1173 595 1252 τραπεζίτου
611 1165 777 1253 τηλικοῦτ’
803 1164 1017 1254 ἀνεκράγετε,
1039 1166 1100 1255 ὡς,

77 1293 129 1347 216
138 1266 230 1339 τοῦτ’
244 1272 349 1336 έκεῖνο
357 1318 367 1353 ,
378 1266 527 1354 χρήματά
538 1292 604 1353 μου
615 1269 823 1354 ληψομένου,
836 1266 920 1336 ὥστε
931 1294 982 1356 με,
996 1261 1101 1337 ἀάυ·

140 1367 404 1456 δρεςἈθηναίοι,
411 1370 604 1454 φοβηθέντα
614 1363 846 1452 τόνὺμέτερον
855 1365 1100 1453 θόρυβονθοδ-

139 1469 257 1555 μάτιον
275 1470 440 1551 προέσθαι
456 1468 512 1533 καὶ
529 1472 652 1551 μικροῦ
668 1465 799 1551 γυμνόν
810 1469 904 1556 ἐντῷ
913 1473 1099 1556 χιτωνίσκῳ

140 1569 316 1653 γενέσθαι,
347 1565 517 1649 φεύγοντα
539 1565 668 1631 ἐκεῖνον
689 1565 829 1632 ἕλκοντά
849 1590 906 1651 με,
937 1568 994 1633 καὶ
1015 1564 1101 1652 μετά

141 1673 245 1733 ταῦτα
256 1663 468 1740 ἀπαντῶντες
479 1658 593 1742 ’Ἧπως
608 1663 714 1742 ἐπέξει
724 1671 771 1749 τῷ
781 1671 888 1754 μιαρῷ
898 1664 954 1732 καί
965 1661 1009 1751 μή
1023 1668 1100 1732 δια-

138 1761 267 1832 “λύσει·
288 1763 473 1830 θεάσονταί
487 1781 524 1828 σε
542 1766 577 1828 τί
589 1761 738 1848 ποιήσεις
752 1757 936 1847 Ἀθηναίοι”
958 1769 1100 1831 τοιαῦτα

141 1867 308 1947 λέγοντες·
329 1858 440 1946 ἐπειδὴ
453 1859 489 1928 δὲ
497 1860 762 1946 κεχειροτόνηται
773 1860 834 1946 μὲν
844 1857 941 1947 ὕβρις
951 1859 989 1928 τό
1008 1869 1100 1946 πρᾶ-

140 1987 207 2046 γμα
223 1959 323 2044 εἶναι,
345 1962 383 2025 ἐν
402 1962 480 2048 ἱερῷ
497 1956 529 2024 δ’
540 1962 577 2025 οί
583 1964 688 2025 ταῦτα
698 1964 868 2043 κρίνοντες
877 1958 1100 2046 καθεζόμενοι

141 2064 341 2144 διέγνωσαν,
365 2059 511 2142 διέμεινα
531 2053 564 2124 δ’
586 2054 650 2142 ἐγώ
672 2057 727 2124 καὶ
749 2053 791 2124 οὐ
813 2055 995 2144 προῦδωκα
1011 2056 1095 2128 οὔθ’

140 2155 227 2243 ὑμᾶς
248 2152 321 2224 οὔτ’
343 2153 504 2242 ἐμαυτόν,
526 2153 696 2243 τηνικαῦτ’
719 2154 968 2243 ἀποψηφιεῖσθε
990 2155 1096 2244 ὑμεῖς.

77 2277 129 2334 217
139 2263 310 2345 μηδαμῶς·
334 2256 444 2326 πάντα
460 2254 526 2344 γάρ
543 2255 584 2324 τά
602 2265 752 2340 αἴσχιστα
768 2260 896 2324 ἔνεστιν
906 2259 999 2344 ἐντῷ
1009 2257 1150 2343 πρό-684

139 2384 246 2442 γματι.
280 2361 345 2446 είμὶ
364 2355 397 2426 δ’
410 2356 592 2427 οὔτούτων
602 2351 969 2442 ἀμῑνάξως(ποῐςγάρ,
994 2347 1023 2423 ἀ
1033 2354 1098 2425 ἀν-

140 2461 215 2538 δρες
231 2454 429 2540 Ἀθηναίου)
452 2461 578 2540 κρίνων
595 2453 780 2540 ἀνθρωπον
796 2457 851 2521 καὶ
863 2458 1029 2523 δοκοῦντα
1040 2459 1098 2524 καὶ

140 2551 220 2620 ὅντα
231 2559 342 2640 βίαιον
352 2554 408 2620 καὶ
417 2550 590 2638 ὑβριστήν,
601 2550 813 2639 ἡμαρτηκότα
823 2550 969 2638 ἀσελγῶς
983 2557 1021 2622 έν
1029 2577 1096 2621 πα-

139 2650 294 2736 νηγύρει,
317 2649 487 2736 μάρτυρας
503 2657 562 2734 τῆς
572 2647 703 2737 ὕβρεως
713 2658 771 2738 τῆς
782 2652 903 2720 ἑαυτοῦ
913 2653 1095 2739 πεποιημέ-

140 2775 202 2815 νον
223 2747 265 2815 οὐ
286 2748 393 2834 μόνον
414 2745 518 2833 ὑμεῖς,
546 2744 630 2816 ἀλλά
652 2752 708 2818 καὶ
728 2751 807 2830 τούς
829 2752 1096 2837 ἐπιδημήσαντας

138 2845 287 2924 ἅπαντας
302 2855 371 2914 τῶν
385 2844 560 2932 Ἑλλήνων.
594 2845 742 2934 ἤκουσεν
758 2847 776 2916 ὁ
795 2853 897 2934 δῆμος
907 2846 949 2916 τά
965 2872 1095 2934 πεπρα-

138 2949 243 3030 γμένα
253 2943 370 3033 τούτῳ.
392 2951 427 3012 τί
434 2937 513 3024 οάν;
525 2944 606 3031 ὑμῖν
617 2947 933 3034 καταχειροτονήσας
943 2950 1094 3034 παρέδω-

77 3065 130 3120 218
138 3068 207 3114 κεν.
241 3040 283 3110 οὐ
298 3049 415 3112 τοίνυν
428 3040 501 3112 οἷόν
512 3069 547 3112 τε
558 3045 674 3132 ἀφανῆ
682 3044 744 3131 τὴν
754 3052 883 3130 γνωσιν
893 3045 1096 3132 ὑμωνγενέ-

141 3151 238 3230 σθαι,
257 3140 336 3211 οὐδὲ
346 3151 484 3228 λαθεῖν,
503 3141 576 3212 οὐδ’
590 3143 807 3225 ἀνεξέταστον
817 3144 901 3211 εἶναι
911 3153 943 3213 τί
954 3143 1036 3214 ποθ’
1051 3143 1096 3226 ὡς

140 3237 227 3325 ὑμᾶς
243 3249 305 3308 τοῦ
322 3244 516 3330 πράγματος
532 3245 693 3322 ἐλθόντος
710 3247 848 3328 ἔγνωτε·
869 3241 942 3311 ἀλλ’
962 3245 1021 3313 έάν
1032 3245 1095 3331 μὲν

140 3338 320 3425 κολάσητε,
343 3342 453 3422 δόξετε
474 3339 648 3428 σώφρονες
665 3339 750 3410 εἶναι
767 3346 821 3411 καὶ
837 3347 932 3412 καλοὶ
949 3343 1096 3430 κάγαθοὶ

18 3488 37 3503 α
141 3440 196 3507 καὶ
207 3436 443 3528 μισοπόνηροι,
455 3437 499 3509 ἀν
509 3438 541 3508 δ’
555 3438 679 3529 ἀφήτε,
703 3439 1094 3530 ἀλλουτινόςήττήσθαι.

24 3758 155 3792 a*
