2370 3854
125 252 166 319 18
343 256 401 317 XX.
442 251 860 313 ΔΗΜΟΣΘΕΝΟΥΣ

123 437 248 487 τουσαν
258 416 321 503 τὴν
331 413 429 481 πόλιν
439 408 535 498 ἡμῶν
544 417 693 497 πονηροῖς
703 411 800 496 δόξης
811 407 1005 500 ἀναπλήσει,
1016 414 1076 484 ἐόν

123 519 160 582 τί
170 541 203 583 τι
213 520 325 601 συμβῇ
336 509 432 596 ποτε,
444 514 567 595 ἔρημον
577 516 646 575 τῶν
656 508 889 594 ἐθελησόντων
899 507 1035 594 ἀγαθόν
1044 539 1076 580 τι

122 626 229 681 ποιεῖν
239 609 444 695 καταστήσει.

79 722 112 777 61
208 707 260 777 Ού
277 714 392 776 τοίνυν
403 707 525 792 μόνον,
549 699 706 792 ύάνδρες
715 705 901 795 Ἀθηναῖοι,
918 708 1075 797 τοδςίδίᾳ

120 809 264 894 γνόντας
285 799 325 874 εὖ
346 819 453 873 ποιεῖν
473 801 559 891 ύμάς
579 806 634 872 καί
651 806 880 892 παρασχόντας
895 813 1077 893 χρησίμους

121 902 244 984 αύτούς
254 906 306 971 ἐπί
314 903 521 989 τηλικούτων
531 905 585 971 καὶ
596 903 759 972 τοιούτων
769 911 911 990 καιρῶν,
927 907 1009 972 οίων
1019 932 1075 990 μι-

120 1011 191 1093 κρῷ
201 1001 364 1087 πρότερον
375 1007 533 1087 Φορμίων
545 1003 757 1088 διεξελήλυθε
767 999 936 1088 κάγιδνύν
947 1012 1074 1088 είρηκα,

120 1100 216 1182 ἀξιύν
232 1101 321 1167 ἐστιν
332 1094 561 1186 εὐλαβηθῆναι
572 1096 743 1186 ἀδικῆσαι,
766 1098 850 1168 ἀλλά
863 1102 918 1169 καί
929 1099 1074 1180 πολλούς

1 1186 9 1199 ’
120 1197 257 1281 ἀλλους,
269 1203 304 1265 οἳ
310 1195 421 1273 πόλεις
432 1193 528 1280 ὅλας,
540 1192 598 1273 τὰς
609 1197 739 1264 ἑαυτῶν
749 1202 924 1284 πατρίδας,
940 1198 1075 1284 συμμύ-

119 1321 198 1387 χους
213 1291 292 1382 ἡμῖν
310 1296 361 1361 ἐπὶ
371 1300 433 1360 τού
444 1289 527 1375 πρὸς
536 1299 819 1380 Λακεδαιμονίους
829 1299 977 1382 πολέμου
987 1320 1075 1381 παρ-

120 1401 232 1482 έσχον,
254 1395 308 1463 καὶ
326 1395 476 1480 λέγοντες
493 1388 516 1459 ἀ
526 1399 689 1480 συμφέρει
706 1400 745 1482 τῇ
766 1394 859 1462 πόλει
876 1403 915 1484 τῇ
930 1393 1074 1482 ὑμετέρᾳ

119 1497 175 1561 καί
185 1492 400 1579 πράττοντες·
423 1481 471 1556 ἀν
487 1494 568 1556 ἔνιοι
586 1488 641 1556 διά
656 1487 718 1575 τὴν
736 1489 818 1574 πρὸς
834 1489 921 1578 ὑμᾶς
938 1491 1074 1560 εύνοιαν

77 1609 111 1661 οῖ
120 1594 290 1675 στέρονται
297 1598 354 1675 τῆς
361 1590 526 1670 πατρίδος.
548 1578 597 1654 &v
605 1589 775 1674 ἐπέρχεταί
780 1617 835 1676 μοι
844 1591 996 1675 πρύτους
1006 1593 1073 1671 ἐξε-

87 1755 89 1760 .
119 1689 216 1757 τόσαι
233 1684 311 1766 τούς
327 1688 364 1753 ἐκ
381 1691 557 1772 Κορίνθου
576 1684 755 1771 φυγόντας.
790 1687 1015 1776 ἀναγκάζομαι
1037 1690 1073 1756 δὲ

118 1792 226 1875 λέγειν
243 1783 326 1873 πρός
342 1782 558 1870 ύμοίςταύτα,
580 1781 603 1851 ἀ
612 1782 693 1869 παρ’
704 1782 800 1870 ύμωυ
811 1795 879 1855 τοῖν
891 1789 1073 1874 πρεσβυτέ-

122 1914 192 1974 ρων
212 1883 312 1966 αύτός
333 1882 470 1969 ἀκήκοα.
503 1882 543 1950 τὰ
559 1882 621 1968 μὲν
637 1877 702 1952 οὖν
717 1885 801 1954 ἀλλα
817 1884 879 1954 ὅσα
893 1894 1074 1973 χρησίμους

121 1984 201 2072 ἡμῖν
212 1978 351 2061 ἑαυτούς
362 1983 482 2048 ἐκεῖνοι
503 1981 670 2068 παρέσχον
697 1984 801 2052 δύσω·
821 1982 896 2055 ἀλλ’
912 1981 1073 2072 ὅδ’ἡμε-

120 2079 1072 2175 γάλημάχηπρόςΛακεδαιμονίουςἐγένετοηε’νΚορίνδω,

121 2191 190 2251 τῶν
205 2186 242 2249 ἐν
259 2187 301 2268 τῇ
317 2179 411 2247 πόλει
428 2182 706 2266 βουλευσαμένων
719 2179 800 2266 μετά
819 2180 880 2266 τὴν
900 2181 1006 2268 μάχην
1026 2180 1072 2268 μὴ
1114 2178 1120 2185 ’

72 2289 113 2344 1⁵3
122 2285 275 2368 δέχεσθαι
287 2284 334 2369 τῷ
343 2281 439 2363 τείχει
448 2275 527 2356 τούς
538 2277 753 2365 στρατιώτας,
776 2273 859 2346 ἀλλά
872 2277 953 2363 πρὸς
963 2285 1074 2346 Λακε-

122 2384 312 2467 δαιμονίους
322 2377 632 2464 ἐπικηρυκεύεσθαι,
646 2374 789 2463 ὁρωντες
798 2373 1000 2464 ἠτυχηκυῖαν
1010 2376 1074 2463 τὴν

121 2478 219 2545 πόλιν
241 2476 296 2542 καί
315 2482 373 2560 τῆς
390 2474 541 2559 παρόδου
558 2484 763 2559 κρατοῦντας
778 2479 1074 2561 Λακεδαιμονίους,

122 2572 196 2660 ούχλ
213 2571 414 2659 προῦδωκαν
432 2569 507 2639 οὐδ’
526 2571 768 2659 ἐβουλεύσαντο
780 2574 847 2656 ἰδίᾳ
857 2573 932 2654 περὶ
943 2581 1000 2658 τῆς
1010 2573 1074 2642 αύ-
1084 2584 1120 2643 471

121 2683 189 2743 τῶν
200 2678 370 2759 σωτηρίας,
382 2669 464 2741 ἀλλά
478 2677 617 2756 πλησίον
628 2667 737 2737 όντων
748 2666 828 2754 μεθ’
840 2667 954 2737 ὅπλων
964 2668 1075 2740 ἀποίν-

121 2801 188 2842 τωυ
198 2777 480 2858 Πελοποννησίων
496 2767 646 2858 ἀνέῳξαν
662 2766 722 2847 τάς
734 2768 840 2847 πύλας
849 2765 929 2855 ἡμῖν
938 2777 995 2859 βίη
1005 2781 1075 2841 τῶν

122 2879 265 2957 πολλῶν,
277 2871 331 2938 καὶ
344 2876 471 2954 μᾶλλον
482 2870 607 2935 εἴλοντο
618 2865 692 2952 μεθ’
704 2863 800 2953 ὑμῶν
810 2875 879 2935 τῶν
890 2868 963 2936 τότε
974 2888 1074 2955 στρα-

123 2971 352 3056 τευσαμένων,
364 2975 399 3033 εί
403 2992 434 3032 τι
448 2965 527 3048 δέοι,
540 2965 678 3050 πάσχειν
688 2961 711 3051 η’
720 2968 818 3051 χωρίς
829 2963 925 3052 ὑμῶν
935 2966 1074 3036 ἀκινδύ-

125 3097 191 3150 νως
207 3072 391 3146 σεσῶσθαι,
413 3064 704 3150 καίείσέιγρουντό
718 3065 921 3152 στράτευμα,
942 3069 1076 3136 καίδιέ-

79 3185 115 3235 οῖ
125 3187 237 3236 σωσαυ
255 3165 311 3232 καὶ
326 3159 414 3247 ὑμᾶς
430 3162 485 3230 καί
501 3160 791 3250 τούςσυμμάχους.
824 3164 935 3250 ἐπειδὴ
948 3166 983 3234 δὲ
993 3161 1077 3250 πρός

124 3266 406 3346 Λακεδαιμονίους
417 3259 529 3348 είρήνη
542 3262 622 3347 μετά
633 3261 728 3330 ταῦτ’
741 3263 887 3349 ἐγένετο,
908 3259 993 3350 maz
1002 3261 1077 3332 Ἀν-

125 3366 299 3447 ταλκίδου,
312 3356 385 3429 ἀντί
396 3368 465 3429 τοῖν
475 3367 583 3447 ἔργων
593 3361 721 3431 τούτων
732 3357 796 3428 ύπό
806 3364 1079 3447 Λακεδαιμονίων

120 3464 287 3540 ἐξέπεσον.
307 3456 547 3547 ύποδεξάμενοι
559 3456 589 3529 δ’
602 3457 694 3546 ὑμεῖς
705 3456 827 3539 αύτούς
837 3456 1011 3546 ἐποιήσατε
1022 3462 1079 3544 δρ-
