2370 3854
290 176 429 241 ΚΑΤΑ
454 176 851 239 ΤΙΜΟΚΡΑΤΟΥΣ.
979 176 1042 242 223

88 369 147 412 κεν
158 336 283 409 ἅπασιν
293 342 445 409 ἐναντίον
457 337 502 418 ὥς
510 344 587 416 ἔπος
596 343 700 407 εἰπεῖν
707 353 775 419 τοῖς
784 332 890 426 οὖσιν,
903 337 944 408 οὐ
955 362 1042 424 παρ-

91 435 275 526 αναγνοὺς,
285 435 327 507 06
338 439 457 526 λύσας,
476 436 517 506 οὐ
530 436 610 516 δοὺς
621 441 758 525 αἵρεσιν,
777 435 839 506 οὐκ
853 436 932 505 ἄλλο
944 438 1041 525 ποιή-

90 561 149 618 σας
160 537 259 607 οὐδὲν
270 546 339 606 τεόν
349 537 597 625 προσηκόντων.

47 677 79 731 39
169 651 226 731 Ὡς
236 653 298 739 μὲν
309 645 373 722 οὖν
385 659 498 739 ἔνοχος
513 658 554 740 τῇ
569 656 683 738 γραφῇ
700 656 922 736 καθέστηκεν,
944 653 1042 716 ἐναν-

88 760 161 819 τίον
173 749 390 838 εἰσενηνοχώς
400 767 469 832 τοῖς
479 743 556 819 οὖσι
567 751 697 836 νόμοις,
717 749 807 836 οἶμαι
818 751 945 828 πάντας
955 746 1043 835 ὑμᾶς

89 848 280 937 ᾐσθῆσθαι·
300 855 356 919 ἵνα
369 849 398 920 δ’
413 856 519 938 εἰδῆτε
531 847 605 935 παρ’
619 853 709 929 οἵους
723 849 848 936 νόμους
859 843 933 918 οἷον
944 840 1043 926 οὗτος

90 948 298 1034 εἰσήνεγκεν,
328 948 558 1036 άναγνοίσεται
586 955 720 1034 πρῶτον
740 945 820 1035 ὑμῖν
841 948 900 1017 τόν
922 947 1045 1016 τούτου

89 1047 213 1132 νόμον,
239 1045 306 1116 εἶτα
323 1050 402 1129 τούς
419 1050 558 1134 ἄλλους,
582 1045 630 1126 οἷς
653 1040 753 1127 οὗτος
773 1051 921 1127 ἐναντίος
944 1050 1043 1116 ἐστίν.

90 1143 331 1231 ἀναγίγνωσκε.

480 1317 645 1374 ΝΟΜΟΣ.

176 1430 304 1512 [Ἐπὶ
268 1461 320 1517 της
330 1441 530 1516 Πανδιονίδος
546 1436 678 1551 πρώτης,
697 1433 900 1542 δωδεκάτη
865 1463 916 1541 της
932 1459 1045 1521 πρντα·

135 1523 223 1599 νείας,
248 1518 432 1605 Τιμοκράτης
452 1519 529 1604 εἶπε,
549 1526 601 1587 και
617 1527 647 1588 εί
658 1549 717 1587 τινι
731 1528 792 1586 τῶν
803 1501 983 1626 όήειλόντων
1003 1526 1046 1605 τῷ

135 1607 264 1707 δημοσίῳ
271 1609 498 1708 προστετίμηται
514 1602 589 1671 κατά
606 1603 731 1690 νόμονή
747 1599 822 1670 κατά
839 1602 982 1688 ψήφισμα
999 1609 1045 1668 δε·
1105 1666 1107 1672 .

134 1693 208 1767 σμνῦ
220 1681 241 1770 ή
250 1683 283 1752 τὸ
295 1683 399 1753 λοιπόν
414 1698 618 1796 προστιμηθῇ,
644 1687 720 1756 εἶναι
737 1715 818 1776 αντιμ
835 1718 860 1773 η
877 1697 957 1796 αλλρ
972 1712 1046 1794 οπερ

136 1772 280 1834 ἐκείνον’
265 1768 408 1877 εγγνητάς
431 1781 611 1879 καταστῆσαι
626 1782 679 1840 τοῦ
698 1753 943 1880 ὀφλήματος,
899 1770 951 1848 οδς
972 1768 1043 1836 ἆνδ

136 1859 228 1961 δῆμος
244 1855 446 1946 χειροτονήσῃ,
462 1849 484 1942 ή
500 1853 562 1942 μήν
578 1861 701 1923 ἐκτίσειν
716 1883 749 1923 το
766 1883 910 1964 αργνριον
926 1883 942 1923 ο
935 1847 1046 1937 ωφλε.

136 1937 204 2014 τοὺς
216 1939 248 2003 δὲ
257 1942 420 2045 προέδρους
431 1943 654 2051 ἐπιγειροτονειν
665 1940 871 2046 ἐπάναγκες,’
856 1967 928 2007 οταν
938 1967 981 2016 τις
993 1968 1047 2005 κα-

136 2019 278 2090 θιστάναι
289 2022 450 2128 βούληται,
471 2034 513 2114 τῷ
530 2028 562 2091 δὲ
571 2023 805 2132 καταστήσαντι
808 2021 877 2103 τοὺς
895 2020 1047 2127 ἐγγυητάς,

138 2101 191 2174 ἐάν
207 2100 342 2211 άποδιδῷ
358 2133 395 2196 τη
381 2089 538 2173 πόλει
509 2135 542 2173 το
561 2104 708 2212 άργόριον
722 2106 793 2198 ἐφ’
781 2137 804 2174 ω
791 2101 970 2210 κατέστησε
980 2103 1049 2210 τοὺς

138 2187 288 2298 ἐγγυητάς,
299 2172 446 2295 ἀφεῖσθαι
456 2199 517 2256 τῶν
528 2197 650 2276 δεσμων.
679 2189 732 2257 ἐάν
749 2175 793 2257 δὲ
797 2218 838 2296 μη
827 2187 1044 2278 καταβαίη
1014 2215 1048 2254 το

137 2274 288 2382 άργόριον
293 2271 314 2358 ή
325 2269 444 2355 αότόςή
463 2280 494 2338 οἱ
508 2277 646 2359 ἐγγυηταὶ
658 2278 752 2339 ἐπὶ
715 2301 767 2358 της
778 2275 882 2358 ἐνάτης
891 2256 1048 2360 πρυτανεί-
1034 2285 1109 2342 -713

138 2388 181 2441 ας,
193 2354 310 2438 τὸνμὲν
321 2358 536 2468 ἐξεγγυηθέντα
547 2360 701 2441 δεδέσθαι,
715 2365 775 2422 τῶν
791 2359 824 2424 δὲ
835 2360 985 2460 ἐγγνητων
995 2361 1048 2440 δη-

137 2447 243 2527 μοσίαν
253 2439 330 2507 εἶναι
340 2467 396 2525 την
408 2438 521 2507 ουσίαν.
548 2466 614 2527 περι
605 2443 664 2506 δέ
679 2468 740 2506 των
750 2436 969 2546 ωνονμένων
937 2466 974 2505 τοι
983 2443 1050 2543 τελη

138 2555 189 2593 και
199 2533 258 2591 τῶν
269 2528 487 2635 ἐγγυωμένων
472 2527 523 2590 καί
535 2523 727 2610 ἐκλεγόντων,
745 2552 796 2590 και
813 2551 873 2591 των
888 2551 924 2590 τα
911 2519 1049 2633 μισθιό-

138 2635 208 2716 σιμα
219 2614 429 2716 μισθουμένων
439 2636 490 2675 και
498 2636 557 2674 των
568 2607 813 2716 ἐγγνωμένων,
781 2636 834 2687 τας
842 2607 1003 2714 πράξεις
974 2634 1051 2673 ειναι

137 2723 191 2797 τη
160 2697 267 2762 πόλει
278 2692 354 2760 κατά
364 2721 433 2772 τους
444 2693 553 2798 νόμους
562 2720 632 2770 τους
644 2696 807 2799 κειμένους
833 2690 886 2758 ἐαν
898 2688 928 2757 δ
941 2695 1035 2757 ἐπι
998 2719 1050 2796 της

139 2777 207 2844 ἐνάτ
208 2807 243 2863 ς
258 2784 400 2884 πρντανε
398 2805 433 2855 ας
449 2774 528 2866 οφλη
533 2825 542 2860 ,
565 2804 617 2843 του
637 2773 760 2863 νστίρον
782 2780 919 2843 ἐνιαντον
934 2778 1035 2841 ἐπὶ
999 2803 1051 2860 της

139 2809 276 2944 ἐνάτης,
262 2890 282 2945 η
277 2860 417 2946 δεκάτης
427 2863 629 2948 πρυτανείαςέ
629 2887 663 2925 κτ
663 2864 759 2945 ί.νειν]

53 3002 484 3091 41Ἀκηκόατεμεντον
495 3005 612 3090 νόμον,
624 3004 848 3091 μνημονεύετε
860 3002 892 3069 δ’
901 3005 934 3081 ἐξ
946 2998 1052 3068 αὐτοῦ

99 3130 156 3189 μοι
166 3110 300 3188 πρῶτον
310 3101 372 3189 μὲν
383 3101 422 3171 τό
440 3107 497 3172 καὶ
507 3113 540 3172 εί
547 3130 612 3170 τινι
628 3110 697 3170 τῶν
708 3100 914 3188 ὀφειλόντων
926 3104 1051 3184 δεσμοῦ

100 3208 352 3287 προστετίμηται
374 3196 396 3289 ή
420 3200 455 3270 τδ
481 3200 602 3270 ίοιπδν
623 3208 851 3289 προστιμηθῇ,
873 3195 976 3266 ἔπειθ’
1000 3195 1052 3264 δτι

101 3298 188 3388 πλήν
211 3301 286 3383 περὶ
306 3307 374 3367 τῶν
391 3308 545 3368 τελωνῶν
561 3301 707 3385 καὶπερὶ
724 3307 792 3366 τοῖν
802 3299 1051 3386 μισθουμένων,

103 3402 157 3468 καὶ
169 3397 243 3466 ὅσοι
253 3404 358 3465 ταῦτα
368 3400 568 3485 ἐγγνοῖνται,
589 3406 734 3485 χρῆσθαι
751 3395 880 3464 κελεύει
890 3402 937 3484 τῷ
947 3392 1049 3480 νόμῳ.
