2370 3854
272 198 415 261 ΚΑΤΑ
436 197 895 261 ΑΡΙΣΤΟΚΡΑΤΟΤΣ.
996 200 1058 264 167

67 376 103 432 76
197 363 359 444 Τέταρτον
369 365 483 426 τοίνυν
494 355 573 423 ἄλλο
585 354 668 443 πρός
677 356 805 438 τούτοις
814 358 851 426 τό
862 362 914 429 ἰπὶ
924 367 1059 445 Πρυτα-

113 465 197 548 νείῳ.
216 465 315 526 τοῦτο
329 453 360 525 δ’
374 458 478 539 ἐστὶν,
499 453 559 522 ἐὰν
569 450 698 542 λίθοςῆ
709 452 842 544 ξόλονῆ
853 462 986 545 σίδηρος
995 457 1019 544 ἥ
1028 485 1058 526 τι

108 563 262 624 τοιοῦτον
278 550 420 642 ἐμπεσόν
430 551 572 640 πατάξῃ,
591 553 646 619 καλ
655 552 716 621 τόν
726 553 788 639 μὲν
797 555 944 640 βαλόντα
953 552 1057 643 άμνοῇ

109 682 173 742 τις,
196 651 277 722 αύτδ
296 649 329 722 δ’
347 655 420 739 εἰδῇ
435 652 491 720 καὶ
507 657 564 739 ἔχῃ
580 647 617 718 τό
634 647 694 718 τὸν
709 649 820 737 φόνον
830 656 1055 738 εἰργασμένον,

108 780 237 833 τοντοις
246 756 394 822 ἐνταυδα
402 748 604 835 λαγχάνεται
621 747 877 818 εἰτοιννντων
858 749 995 835 αφνχων
1003 753 1057 816 και

107 851 152 939 μὴ
164 876 370 940 μετεχοντων
379 874 440 916 του
427 855 590 933 φρονεῖν
600 843 700 914 ονδεν
716 843 793 915 ἐσθ’
811 844 922 932 ὅσιον,
943 845 1058 914 τοιαύ-

107 977 169 1036 την
180 955 256 1036 ἕχον
266 953 390 1032 αἰτίαν,
408 941 501 1013 ἰάν”
478 969 628 1030 ακριτον,
645 971 666 1031 η
680 967 746 1011 που
755 968 817 1013 τον
826 968 865 1029 γε
875 942 1057 1014 ἀδικοῦντα

107 1051 170 1135 μὲν
180 1044 257 1116 οὐδὲ
257 1073 295 1132 ν,
306 1043 365 1114 ἐάν
374 1041 467 1132 τύχῃ,
479 1041 576 1130 θήσω
587 1045 623 1110 δὲ
634 1039 824 1126 ἀδικοῦντα,
834 1039 908 1110 ἀλλ’
920 1040 1058 1130 ἄνδρω-

107 1146 174 1215 πόν
190 1171 228 1230 γε
245 1142 325 1213 ὅντα
340 1140 623 1227 καὶμετειληφότα
634 1138 787 1228 [τῇτύχῃ]
800 1149 857 1227 τῆς
867 1139 1056 1231 αύτῆςὴμίν

108 1245 258 1331 φύσεως,
280 1240 421 1309 άνόσιον
441 1240 497 1306 καὶ
518 1238 631 1305 δεινὸν
651 1237 733 1306 άνευ
747 1237 850 1324 λόγου
867 1243 921 1310 κάἰ
938 1242 1055 1328 ψήφου

108 1355 215 1409 ποιεῖν
226 1343 364 1407 ἔκδοτον
374 1334 427 1404 ἐπ’
439 1340 526 1423 αἰτίᾳ
536 1336 682 1422 τοιαύτῃ.

67 1464 101 1520 77
185 1438 257 1504 Ἔτι
266 1443 383 1502 τοίνυν
401 1437 550 1520 πέμπτον
568 1434 779 1520 δικαστήριον
789 1435 870 1504 άλλο
882 1437 1055 1506 θεάσασθε

111 1534 183 1604 οἷον
193 1531 409 1620 ὑπερβέβηκε,
419 1530 457 1599 τό
469 1533 506 1599 ἰν
517 1537 684 1616 Φρεαττοῖ.
709 1537 856 1603 ἐνταῦθα
867 1536 943 1623 γάρ,
956 1529 1056 1605 diiv-

110 1639 187 1718 δρες
195 1631 375 1718 Ἀθηναῖοι,
386 1629 515 1698 κελεύει
525 1634 618 1710 δίκας
628 1628 762 1718 ὑπέχειν
772 1630 790 1700 ό
802 1634 921 1720 νόμος,
936 1634 996 1702 ἐάν
1006 1660 1055 1713 τις

109 1729 161 1801 ἐπ’
174 1729 321 1820 άκονσίῳ
335 1728 430 1818 φόνῳ
441 1729 632 1816 πεφευγώς,
654 1730 753 1817 μήπω
765 1738 834 1800 τῶν
844 1732 1054 1819 ἐκβαλόντων

109 1828 214 1899 αύτὸν
224 1827 435 1916 ᾐδεσμένων,
454 1833 563 1896 αἰτίαν
575 1834 631 1917 ἔχῃ
643 1830 757 1913 ἑτέρον
768 1828 878 1916 φόνον
889 1832 1053 1900 ἑκουσίου.
1061 1840 1113 1895 646

99 1930 162 1996 ,καλ
173 1927 250 2014 οὐχ,
269 1925 320 1995 ότι
331 1932 432 2013 δεῦρο
444 1923 506 2012 ούχ
517 1922 590 1996 οἰόν
600 1952 635 1994 τε
646 1929 758 1996 ἐλθεῖν
768 1925 861 2018 αύτῷ
865 1979 874 2013 ,
897 1932 1053 2014 παρεῖδεν

108 2024 240 2096 αύτὸνὸ
251 2032 356 2093 ταῦτα
367 2025 488 2092 ἕκαστα
497 2024 605 2111 τάξας,
617 2021 707 2111 οὐδ’,
719 2023 771 2093 ότι
780 2029 835 2094 καί
846 2025 1012 2112 πρότερόν
1021 2052 1054 2093 τι

106 2133 259 2194 τοιοῦτον
269 2126 412 2211 ἐποίησε,
428 2124 484 2191 καλ
494 2121 535 2208 δη
545 2121 608 2209 την
618 2120 737 2210 ὁμοίαν
748 2123 923 2210 ἐποιήσατο
935 2123 1054 2209 πιστὴν

64 2238 98 2293 78
107 2229 213 2291 αἰτίαν
234 2218 304 2288 κατ’
329 2219 450 2305 αύτοῦ,
473 2217 558 2287 άλλά
576 2221 615 2288 τό
637 2218 667 2286 τ’
691 2218 824 2306 εὐσεβὲς
844 2213 944 2305 εὗρεν
964 2220 1053 2300 όπως

109 2327 199 2387 ἔσται
209 2315 366 2384 κάκεῖνον
376 2313 439 2382 ούκ
450 2315 649 2402 ἀπεστέρησε
659 2315 763 2400 λόγον
773 2318 828 2383 καὶ
844 2323 991 2400 κρίσεως.
1022 2324 1057 2385 τί

109 2410 173 2483 ούν
190 2419 358 2500 ἐποίησενς
379 2411 482 2499 ἤγαγε
499 2412 578 2494 τούς
593 2415 790 2495 δικάσοντας
805 2410 839 2485 οἰ
854 2425 1054 2502 προσελθεῖν

109 2513 181 2585 οἷόν
202 2540 237 2582 τε
258 2515 385 2603 ἐκείνῳ,
405 2520 465 2600 τῆς
484 2512 593 2600 χιόρας
613 2513 787 2594 ἀποδείξας
801 2513 906 2584 τόπον
921 2512 996 2583 τινά
1016 2518 1053 2584 όν

108 2624 271 2701 Φρεαττοῖ
286 2612 513 2699 καλούμενον,
535 2615 588 2682 ἐπὶ
607 2613 766 2701 θαλάττῃ.
809 2609 870 2682 εἶδ’
894 2613 912 2680 ό
933 2614 994 2700 μὲν
1016 2617 1053 2682 ἰν

107 2721 211 2803 πλοίῳ
224 2712 457 2797 προσπλεύσας
468 2713 571 2797 λέγει,
587 2720 645 2798 τῆς
655 2720 716 2799 γῆς
726 2710 788 2799 ούχ
799 2710 1000 2798 ἁπτόμενος,
1020 2716 1054 2780 ολ

108 2809 139 2879 δ’
152 2810 339 2892 άκροεῐνται
349 2812 404 2878 καλ
415 2809 603 2890 δικάζουσιν
620 2814 657 2878 ἐν
671 2819 713 2900 τῇ
727 2819 786 2898 γῇ·
813 2807 878 2879 κάν
893 2812 956 2898 μὲν
971 2808 1051 2902 ἁλῷ,

107 2906 170 2994 τὴν
186 2909 240 2974 ἐπὶ
255 2920 323 2987 τοῖς
338 2909 501 2987 ἑκουσίοις
517 2909 635 2994 φόνοις
652 2914 748 2997 δίκην
765 2915 884 2996 ἔδωκε,
907 2915 1050 2993 δικαίως,

108 3002 242 3074 ε’άνδ”
219 3004 390 3125 αποφύηη,
401 3007 523 3093 ταύτης
533 3004 624 3094 μὲν’
605 3016 717 3098 αδῳος
728 3006 870 3094 άφίεται,
882 3005 988 3093 τὴνδ’
999 3010 1051 3075 ἐπὶ

64 3119 97 3175 79
105 3131 151 3172 τω
162 3127 327 3190 προτερον
335 3130 431 3195 φονω
443 3131 557 3192 φυγην
567 3103 688 3192 νπίχει
714 3113 804 3184 τίνος
814 3130 879 3172 ουν
889 3128 967 3173 ποτε
953 3106 1052 3172 ἕνε

106 3232 149 3271 κα
165 3199 260 3270 ταῦθ’
275 3201 361 3269 οὕτω
380 3201 651 3284 διεσπούδασταις
687 3200 793 3270 ίσον
776 3215 885 3288 ηγεῑτο
902 3198 1051 3289 άσέβημα

106 3301 243 3370 ὁταῦτα
260 3303 453 3385 διαιρων’
413 3327 474 3371 τον
490 3329 509 3369 τ
510 3298 714 3369 ’άδικοῦντα
731 3303 791 3367 δάν
806 3298 913 3367 καί
878 3325 939 3368 τον
956 3298 1052 3368 άναί-

106 3425 178 3467 τιον
188 3397 354 3467 ἐκδιδόναι
364 3422 429 3483 προ
419 3397 540 3486 δίκης.
562 3407 668 3488 καίτοι
678 3403 710 3466 εί
717 3399 791 3485 περὶ
803 3422 872 3466 των
881 3396 1052 3485 ἀνδροφό-
