2370 3854
119 195 160 261 72
329 201 400 256 xxl.
443 195 860 258 ΔΗΜΟΣΘΕΝΟῬΣ

10 402 29 413 --
118 365 213 427 λιστα
223 361 336 426 ἐλθεῖν
347 362 393 434 είς
404 359 547 442 ἔχθραν,
564 357 619 423 καὶ
631 361 679 423 ἔτι
689 353 773 439 πρός
784 356 892 445 τοάτφ
903 361 1072 443 συμβῆναι

123 464 241 526 Τισίαν
261 454 322 525 τὸν
339 453 545 541 Ἰφικράτους
570 451 720 540 ἀδελφόν
748 451 1003 541 ἀντιχορηγῆσαι
1024 461 1071 540 τῶ

121 565 265 626 Διοκλεῖ.
288 551 357 624 ἀλλ’
370 552 459 640 ὅμως
469 552 613 631 πολλοῦς
624 554 687 639 μὲν
697 558 781 639 ἔχων
792 560 910 639 φίλους
923 549 1072 640 Ἰφικρά-

121 683 188 743 της,
200 653 306 724 πολλὰ
318 653 354 724 δὲ
364 653 513 740 χρήματα
524 654 733 739 κεκτημένος,
749 656 888 738 φρονῶν
899 647 933 718 δ’
944 647 993 736 ἐφ’
1005 647 1072 718 αό-

120 763 167 846 τῷ
178 761 374 841 τηλικοῦτον
384 750 502 837 ἡλίκον
513 751 599 829 είκός
610 749 718 834 ἄνδρα
728 753 783 819 καὶ
794 751 890 837 δόξης
900 753 955 819 καὶ
966 757 1072 837 τιμῶν

120 852 320 939 τετυχηκότα
333 844 383 919 ῶν
398 853 523 928 ἐκεῖνος
539 847 657 936 ήξίωτο
675 847 748 933 παρ’
762 847 868 937 ὑμῶν,
880 849 945 918 οῦκ
956 849 1070 936 ἐβάδι-

77 953 112 1009 63
121 957 174 1032 ζεν
185 953 236 1019 ἐπὶ
247 948 305 1028 τὰς
315 955 384 1017 τῶν
394 949 588 1034 χρυσοχόων
597 954 702 1028 οἰκίας
712 947 854 1037 νύκτωρ,
863 945 942 1016 οῦδὲ
952 972 1070 1035 κατερ-
1082 955 1136 1008 ⁵3⁵

2 1134 4 1141 Ι
121 1049 246 1135 ρήγνυε
263 1047 304 1116 τά
324 1047 639 1134 παρασκευαζόμενα
659 1048 772 1134 ίμάτια
794 1053 840 1127 είς
858 1046 921 1135 τήν
942 1045 1071 1135 ἑορτήν,

121 1149 201 1216 οὐδὲ
222 1149 393 1232 διέφθειρε
415 1145 637 1233 διδάσκαλον,
660 1146 740 1214 οὐδὲ
759 1145 862 1232 χορόν
883 1144 1072 1233 μανθάνειν

120 1247 285 1332 ε’κῶλυεν,
304 1243 384 1314 οὐδὲ
395 1252 464 1313 τῶν
474 1244 586 1313 ἄλλων
597 1243 700 1314 οὐδὲν
713 1237 762 1312 ῶν
773 1237 1073 1327 οῦτοςῦιεπράττε-

118 1371 157 1413 το
169 1347 280 1429 ἐποίει,
293 1341 376 1412 άλλά
386 1358 455 1423 τοις
465 1343 580 1430 νόμοις
597 1349 652 1413 καλ
662 1351 702 1433 τῇ
712 1350 782 1413 τῶν
792 1342 905 1412 ἄλλων
914 1343 1074 1430 βουλήσει

120 1451 303 1532 συγχωρῶν
319 1439 466 1530 ἠνείχετο
484 1444 540 1509 καί
561 1451 709 1511 νικῶντα
725 1444 781 1510 καλ
798 1440 1074 1526 στεφανούμενον

119 1541 179 1610 τόν
189 1540 315 1628 ἐχθρόν
327 1537 430 1628 ὁρῶν,
453 1539 601 1620 εἰκότως·
625 1545 662 1608 ἐν
678 1533 700 1630 ᾖ
717 1541 782 1627 γάρ
794 1539 895 1619 αὐτός
905 1536 1074 1626 εὐδαίμων

119 1638 192 1728 ήῦει
207 1636 355 1724 γεγονῶς
373 1645 537 1727 πολιτεία,
560 1641 666 1729 ταύτῃ
683 1655 867 1726 συγχωρεῖν
879 1639 920 1708 τά
936 1647 1074 1708 τοιαῦτα

71 1739 223 1829 ιδίεήξιόυ.
248 1738 350 1807 πάλιν
362 1739 591 1822 Φιλόστρατον
600 1739 722 1819 πάντες
733 1749 831 1826 ίσμεν
841 1736 902 1808 τόν
911 1746 1075 1826 Κολωνῆ-

119 1849 184 1906 θεν
205 1845 358 1925 Χαβρίου
378 1845 646 1925 κατηγοροῦντα,
677 1834 721 1908 ὅτ’
747 1842 893 1923 ἐκρίνετο
916 1836 978 1926 τήν
999 1841 1076 1922 περί

117 1939 273 2021 Ὠρωποῦ
284 1942 396 2018 κρίσιν
406 1935 570 2021 θανάτου,
589 1940 645 2005 καλ
655 1938 791 2006 πάντων
802 1945 870 2006 τῶν
879 1939 1077 2025 κατηγόρων

1 2032 26 2042 “
121 2035 324 2119 πικρότατον
345 2033 539 2120 γενόμενον,
561 2038 617 2104 καὶ
637 2034 718 2123 μετά
741 2045 845 2105 ταῦτα
865 2045 1075 2125 χορηγοῦντα

121 2132 1077 2226 παισὶΔιονόσιακαίνικῶντα,καὶΧαβρίανοότετόπτον-

120 2259 161 2300 τα
179 2229 257 2300 οότε
268 2229 506 2320 ἀφαρπάζοντα
518 2232 579 2303 τόν
597 2239 763 2321 στέφανον
779 2233 855 2305 οὔθ’
868 2236 954 2315 ὅλως
970 2257 1077 2320 προσ-

77 2345 112 2401 65
121 2330 208 2402 ιόνθ’
229 2331 306 2402 ὅποι
323 2331 368 2419 μή
380 2340 549 2421 προσῆκεν
565 2332 668 2425 αὐτῷ.
712 2328 858 2414 πολλοῦς
876 2336 908 2402 δ’
931 2332 975 2403 άν
991 2339 1076 2420 ἔχων

121 2437 227 2498 εἰπεῖν
238 2436 285 2498 ἔτι
303 2433 359 2498 καί
377 2429 432 2499 διά
449 2431 574 2511 πολλάς
586 2434 771 2520 προφάσεις
783 2432 926 2519 ἐχθροὺς
936 2459 1076 2520 γεγενη-

121 2532 243 2617 μένους
254 2528 419 2614 άλλήλοις,
432 2528 555 2597 οὐδένα
566 2532 699 2600 πῶποτε
711 2529 785 2600 οὔτ’
793 2530 922 2618 ἀκήκοα
932 2529 1010 2601 οὔτε
1021 2533 1077 2601 ἑό-

122 2653 208 2714 ρακα
219 2625 311 2705 όστις
327 2632 374 2706 είς
390 2636 553 2696 τοσοῦτον
569 2629 736 2716 ἐλήλυθεν
753 2627 882 2717 ὕβρεως
901 2629 984 2699 ῶστε
1006 2656 1077 2698 τοι-

121 2724 227 2793 οῦτόν
241 2751 273 2791 τι
289 2738 407 2791 ποιεῖν.
443 2723 525 2792 οῦὸέ
540 2753 579 2811 γε
591 2729 698 2796 ίκείυο
716 2725 827 2807 οὐδεὶς
839 2726 936 2815 ὑμῶν
948 2726 1011 2796 οἷδ’
1025 2727 1077 2796 ότι

120 2820 323 2910 μνημονεύει
345 2821 520 2909 πρότερον,
543 2833 611 2893 τῶν
632 2828 686 2895 ἐπὶ
708 2841 776 2906 τοῖς
796 2830 892 2906 ίῦίοις
909 2822 1078 2914 ήκαίτολς

119 2933 245 2999 κοινοῖς
256 2922 388 3007 ἐχθρῶν
399 2918 681 3009 άλλήλοιςοόῦένα
692 2925 770 2994 οὔτε
781 2929 999 3013 καλουμένων
1009 2934 1079 2994 τῶν

12 3016 15 3021 ’
120 3028 244 3107 κριτῶν
256 3021 496 3108 παρεστηκότα,
505 3021 581 3091 οὔθ’
589 3022 672 3092 όταν
682 3022 854 3111 ὀμνύωσιν
865 3027 1077 3112 ἐξορκοῦντα,

121 3116 197 3186 νῶθ’
210 3111 295 3198 ὅλως
306 3115 354 3187 ἐπ’
366 3118 480 3188 οὐθενὶ
490 3131 558 3191 τῶν
573 3123 736 3194 τοιοῦτον
753 3122 878 3209 ἐχθρόν
890 3124 1079 3210 ἐξεταζόμε-

76 3230 111 3285 60
120 3243 192 3286 νον.
216 3225 320 3284 ταῦτα
332 3216 396 3306 γάρ
408 3219 516 3288 πάντα
527 3225 583 3290 καί
592 3221 633 3290 τά
651 3231 798 3306 τοιαῦτα,
812 3215 971 3310 ῶάνὸρες
979 3221 1077 3311 Ἀθη-

121 3329 221 3402 ναῖοι,
234 3323 421 3408 φιλονεικίᾳ
431 3318 493 3406 μὲν
510 3319 704 3408 ὑπαχθέντα
721 3318 866 3408 χορηγόν
878 3320 958 3391 όντα
969 3336 1078 3391 ποιεῖν

122 3423 188 3505 άχει
212 3414 286 3484 τινὰ
305 3421 523 3508 σνγγνῶμην·
558 3427 663 3510 ἔχθρη
683 3422 716 3488 θ’
729 3423 912 3490 ἐλαύνοντά
925 3449 1016 3506 τινα,
1040 3424 1077 3491 ἐκ
