2370 3854
291 212 435 273 ΚΑΤΑ
455 211 634 274 ΑΝΔΡΟ
645 214 858 277 ΤΙΩΝΟΣ.
991 211 1050 277 123

95 371 196 459 λόγος
221 376 297 458 περὶ
325 378 387 439 τοῦ
402 371 687 460 ἀπροβουλεύτου.
720 374 824 462 νόμος
833 375 911 461 ἐστὶ,
935 375 1049 461 φησίν,

96 469 156 540 ἐάν
174 469 271 551 ἀξίως
287 467 308 558 ή
326 469 434 558 βουλή
453 477 536 561 δοκῇ
553 481 735 560 βουλεῦσαι
754 479 895 562 δωρεάς,
920 473 1049 543 διδόναι

94 567 157 638 τόν
169 573 277 656 δῆμον
287 567 351 657 τήν
366 567 496 655 δωρεάν
507 567 601 660 αὐτῇ.
646 572 740 642 ταῦτ’
754 574 911 661 ἐπήρετο,
931 576 1045 660 φησὶν,

95 666 309 756 ὁέπτστάτης,
323 669 608 756 διεχειροτόνησεν
625 668 644 740 ὁ
658 676 776 759 δῆμος,
794 677 915 752 ἔδοξεν.
948 669 1048 740 οὐδὲν

96 773 155 853 δεῖ,
168 769 268 854 φησὶ,
280 768 573 854 προβουλεύματος
583 773 749 839 ἐνταῦθα·
770 771 854 840 κατὰ
864 770 929 857 γάρ
940 771 1047 857 νόμον

93 859 139 953 ήν
149 864 190 935 τά
200 864 390 953 γιγνόμενα.
414 866 478 953 έγώ
490 865 521 935 δ’
537 865 619 936 αὐτὰ
631 867 829 938 τούναντίον
849 868 965 958 οἶμαι,
987 895 1048 936 νο-

95 971 177 1051 μίζω
195 968 230 1033 δὲ
247 967 302 1032 καί
313 963 394 1050 ὑμίν
404 967 594 1054 συνδόξειν,
614 971 689 1053 περὶ
700 967 829 1037 τούτων
844 966 885 1036 τά
897 974 1047 1056 προβου-

95 1065 243 1150 λεύματα
254 1069 407 1150 ἐκφέρειν
428 1065 544 1150 μόνων
569 1071 643 1150 περὶ
662 1060 710 1138 ὦν
726 1068 922 1137 κελεύουσιν
939 1071 974 1135 οί
985 1067 1107 1134 νό-595

95 1190 163 1250 μοι,
175 1167 245 1232 ἐπεὶ
258 1164 333 1249 περὶ
346 1155 395 1232 οἷν
411 1190 450 1250 γε
461 1162 506 1252 μή
524 1179 651 1233 κεῖνται
667 1167 768 1252 νόμοι
797 1169 877 1237 οόδέ
903 1167 1047 1252 γράφειν

68 1261 157 1349 ητήν
168 1260 272 1348 άρχήν
282 1263 442 1348 προσήκει
453 1261 580 1331 οὐδἐἓν
591 1265 708 1349 δήπου.
727 1267 829 1351 φήσει
840 1272 956 1334 τοίνυν
965 1273 1046 1334 τοῦ·

94 1389 155 1430 τον
172 1359 303 1439 ἁπάσας
318 1358 381 1428 τὸν
396 1361 524 1446 τρόπον
542 1366 712 1447 εἰληφέναι
732 1361 791 1441 τάς
807 1361 948 1450 βουλάς,
970 1361 1047 1430 όσαι

95 1458 224 1527 πώποτ’
240 1466 352 1545 ἔχουσι
362 1455 435 1545 παρ’
447 1457 545 1545 ὑμῶν
562 1457 708 1549 δωρεάν,
729 1463 785 1528 καί
802 1457 940 1549 οὐδεμιᾷ
950 1486 1047 1546 γεγε-

96 1567 224 1644 νησθαι
235 1556 472 1644 προβούλευμα
489 1557 632 1625 πώποτε.
665 1556 730 1644 ἐγώ
750 1556 784 1626 δ’
806 1557 897 1646 οἶμαι
913 1555 1046 1645 μὲνού-

95 1658 127 1742 χὶ
139 1658 249 1739 λέγειν
259 1651 363 1722 αὐτόν
373 1652 547 1742 άλήδειαν,
565 1663 695 1744 μάλλον
712 1661 748 1725 δὲ
764 1656 838 1726 οἶδα
850 1666 980 1744 σαφῶς·
1003 1655 1045 1724 οὐ

94 1752 163 1842 μήν
174 1751 243 1823 ἀλλ’
255 1760 287 1823 εί
294 1762 393 1823 τοῦτο
404 1755 531 1824 τοιοῦτ’
544 1757 611 1824 ἐστί
629 1753 670 1823 τά
682 1757 841 1842 μάλιστα,
864 1754 882 1822 ὁ
896 1756 998 1841 νόμος
1010 1755 1045 1822 δὲ

94 1857 183 1938 λέγει
192 1851 366 1936 τάναντία,
392 1851 471 1940 οὐχ,
493 1853 546 1922 ότι
561 1855 720 1934 πολλάκις
736 1852 919 1942 ἡμάρτηται
936 1854 1045 1941 δήπου

94 1954 277 2039 πρότερον,
306 1950 360 2020 διά
382 1951 475 2021 τοῦτ’
498 1955 778 2040 ἐπεξαμαρτητέον
803 1955 870 2022 ἐστὶ
891 1954 947 2021 καί
967 1960 1043 2036 νῦν,

93 2050 178 2121 άλλά
190 2051 389 2121 τούναντίον
399 2050 549 2137 άρκτέον,
563 2050 608 2132 οδς
619 2050 637 2120 ὁ
650 2052 755 2139 νόμος
764 2052 907 2138 κελεύει,
920 2050 960 2119 τά
974 2077 1044 2119 τοι-

67 2160 179 2225 Ὶαῦτα
197 2165 305 2220 ποιεῖν
323 2149 520 2236 ἀναγκάζειν
535 2150 600 2219 άπό
618 2158 681 2218 σοῦ
697 2150 841 2236 κρότον.
880 2148 923 2216 σύ
941 2147 981 2235 δή
999 2151 1043 2235 μή

93 2251 166 2335 λέγε
184 2247 229 2328 ὠς
244 2252 361 2334 γέγονε
377 2255 475 2316 τοῦτο
493 2249 662 2332 πολλάκις,
676 2246 745 2321 ἀλλ’
759 2245 804 2326 (ός
815 2246 904 2313 οὕτω
916 2245 1045 2330 προσή-

92 2363 145 2415 κει
165 2353 350 2431 γίγνεσθαι.
395 2342 437 2410 οὐ
458 2345 523 2428 γὰρ
547 2354 580 2412 εί
596 2371 628 2411 τι
648 2344 781 2411 ποόποτε
801 2340 846 2428 μή
865 2338 950 2410 κατά
966 2338 1045 2420 τούς

92 2445 220 2532 νόμους
240 2444 406 2531 ἐπράχθη,
435 2440 480 2511 σύ
505 2443 541 2512 δέ
562 2440 656 2511 τοῦτ’
679 2441 844 2530 ἐμιμήσω,
873 2439 928 2509 διά
949 2437 1044 2507 τοῦτ’

93 2541 355 2630 άποφάγοιςάν
383 2546 533 2628 δικαίως,
574 2539 657 2611 άλλοὶ
689 2548 801 2631 πολλῷ
821 2547 950 2628 μάλλον
971 2537 1045 2609 ἁλί

92 2664 202 2710 σκοιο·
226 2641 336 2726 ὥσπερ
344 2637 409 2728 γάρ
421 2650 455 2709 εί
460 2667 509 2721 τις
520 2644 659 2710 ἐκείνων
669 2640 820 2726 προήλω,
833 2638 876 2706 σύ
888 2636 962 2707 τάδ’
977 2637 1040 2707 οὐκ

91 2737 307 2825 άνέγραψας,
326 2737 448 2820 οὕτως,
470 2733 569 2807 άνσι)
590 2747 656 2807 νῦν
678 2743 775 2825 δίκην
785 2742 866 2829 δῷς,
890 2736 1041 2817 άλλοςοό

90 2838 220 2924 τείνει
699 2857 702 2862 ·

63 2963 82 3015 g
174 2938 258 3020 Περὶ
268 2941 384 3003 τοίνυν
394 2943 456 3004 τοῦ
466 2935 573 3022 νόμον
583 2944 643 3005 τοῦ
655 2936 838 3023 διαρρήδην
849 2932 911 3003 οὐκ
922 2937 1041 3012 ἐῶντος

90 3037 209 3113 ἐξεῖναι
225 3030 269 3118 μή
288 3036 492 3121 ποιησαμένη
507 3042 549 3122 τῇ
564 3041 671 3122 βουλῇ
682 3032 741 3114 τὰς
757 3034 899 3120 τριήρεις
910 3039 1041 3118 αἰτῆσαι

90 3131 152 3218 τήν
172 3130 319 3218 δωρεάν,
340 3130 436 3211 άξιόν
452 3135 540 3200 ἐστιν
559 3130 701 3199 ἀκοῦσαι
715 3130 778 3217 τήν
799 3129 981 3215 ἀπολογίαν
997 3125 1040 3214 ἢν

91 3231 272 3318 ποιήσεται,
294 3233 349 3298 καί
359 3229 599 3317 δεωρήσαιτήν
610 3228 781 3297 άναίδειαν
791 3235 851 3296 τοῦ
862 3226 989 3313 τρόπον
1000 3225 1036 3294 δι’

91 3319 140 3395 οἷν
151 3333 291 3414 ἐγχειρεῖ
298 3331 414 3413 λέγειν.
436 3326 453 3395 ό
467 3329 579 3416 νόμος,
592 3329 704 3414 φησὶν,
716 3325 778 3394 οὐκ
789 3329 827 3415 ἐᾷ
838 3324 900 3413 τήν
910 3323 1039 3413 βουλήν

90 3431 222 3513 αίτήσαι
237 3424 299 3513 τήν
316 3425 463 3512 δωρεάν,
485 3424 545 3496 ἐάν
561 3425 605 3514 μή
622 3421 796 3512 ποιήσηται
810 3423 869 3504 τάς
880 3423 1038 3511 τριήρεις·
