2370 3854
116 255 178 318 134
330 256 414 312 XXll.
446 245 788 312 ΔΗΜΟΣΘΕΝΟ
800 246 865 306 ΥΣ

116 443 174 496 τας
183 415 338 492 τυθέντας
350 410 392 481 οὐ
403 416 516 480 δεῖσθε
530 408 780 494 Ἀνδροτίωνος,
802 409 856 475 ἐπὶ
874 404 910 474 δὲ
925 404 1005 484 τοὺς
1016 408 1070 473 έλ-

75 526 109 578 45
118 520 298 592 λείποντας.
332 518 401 580 ἔστι
417 517 534 579 τοίνυν
551 506 631 596 ὑμῖν
641 509 719 576 νυνί
730 507 892 575 σκεπτέον
903 510 934 573 εἰ
946 503 1071 573 τοσού-

117 639 179 681 του
190 619 332 698 τιμάσθε
343 607 404 697 τήν
415 614 583 677 πολιτείαν
593 610 649 676 καί
659 604 739 686 τούς
755 610 927 693 κειμένους
943 604 1071 692 νόμους

118 714 174 779 καί
189 709 226 779 τό
246 707 411 797 εὐορκεῖν·
435 713 466 776 εἰ
478 708 543 794 γάρ
559 705 807 793 ἀποψηφιεῖσθε
824 702 946 774 τούτου
964 729 1071 790 φανε-

120 816 186 894 ράς
197 806 285 877 οὕτω
297 805 387 895 παρά
397 804 477 886 τοδς
487 807 612 893 νόμους
624 805 803 893 εἰρηκότος,
816 805 927 885 δόξετε
937 811 1021 872 πάσι
1030 801 1070 871 τά

118 906 267 994 χρήματα
277 914 381 974 ταῦτα
394 904 468 974 άντί
479 914 547 974 τῶν
558 906 673 992 νόμων
685 909 741 975 καί
754 914 812 993 τῆς
823 902 977 992 εὐορκίας
984 900 1071 993 ᾑρή-

122 1015 211 1074 σθαι.
246 1003 267 1071 ά
283 1003 357 1074 οὐδ’
373 1000 416 1072 άυ
430 1011 460 1072 εἰ
475 1003 548 1088 παρ’
562 1007 684 1073 ἑαυτοῦ
695 1009 767 1092 δοίη
777 1030 826 1083 τις
836 1000 934 1090 ὑμῖν,
956 1010 1071 1091 λαβεῖν

76 1104 230 1190 δδάξιου,
241 1102 287 1190 μή
297 1111 331 1172 τί
342 1131 380 1190 με
397 1101 446 1190 ἐφ’
461 1095 490 1194 ᾦ
507 1106 639 1191 ἑτέρους
651 1104 865 1188 εἰσπράττειν.
897 1101 979 1172 ὥσθ’
991 1101 1072 1173 ὅταν

120 1212 224 1272 ταῦτα
235 1207 324 1292 λέγη,
337 1206 508 1291 μέμνησθε
523 1214 592 1273 τῶν
602 1203 714 1289 ὅρκων
724 1205 780 1272 καί
797 1201 860 1292 τήν
870 1202 1007 1292 γραφήν
1016 1206 1073 1271 έν-

121 1399 190 1470 άλλ’
203 1407 234 1471 εἰ
243 1405 295 1470 δεῖ
303 1409 441 1488 κυρίους
452 1402 537 1471 εἰναι
547 1403 626 1482 τούς
636 1401 769 1489 νόμους.
791 1407 847 1471 καί
858 1405 933 1489 περί
943 1400 1074 1472 τούτων

121 1504 192 1588 μὲν,
205 1499 247 1569 δν
259 1503 384 1587 τρόπον
395 1501 483 1588 ὑμᾶς
494 1501 677 1589 ἀπαγαγών
688 1501 753 1571 άπό
765 1511 827 1571 τοῦ
843 1502 952 1590 νόμον
964 1527 1075 1589 παρα-

121 1599 306 1684 κρούεσθαι
318 1602 463 1688 ζητήσει,
479 1605 534 1671 καί
546 1598 568 1669 ά
582 1601 667 1686 πρὸς
676 1599 772 1671 ταῦθ’
784 1601 871 1689 ὑμᾶς
882 1599 1074 1690 μνημονεύ-

120 1726 219 1778 οντας
231 1698 276 1788 μή
288 1703 472 1785 ἐπιτρέπειν
484 1702 653 1788 προσήκει,
671 1700 778 1770 πολλά
790 1704 899 1787 λέγειν
910 1706 997 1786 ἔχων
1015 1706 1072 1785 ἔτι,

119 1802 174 1867 καὶ
184 1797 280 1868 ταῦθ’
293 1797 391 1869 ἰκανά
403 1800 487 1868 εἰναι
497 1806 650 1887 νομίζων,
663 1801 759 1869 ἐάσω.

78 1917 112 1973 47
203 1898 373 1983 Βούλομαι
385 1899 420 1966 δὲ
432 1901 487 1966 καί
497 1897 537 1966 τά
549 1901 771 1986 πολιτεύματα
782 1899 929 1981 ἐξετάσαι
938 1905 1003 1967 τοῦ
1012 1924 1076 1966 κα-

120 2005 184 2066 λοῦ
194 1995 352 2081 κάμαθοῦ
360 1997 493 2084 τούτου,
506 1995 543 2065 δι’
559 1990 586 2064 ά
589 2025 607 2066 v
619 1997 680 2067 οὐκ
692 1995 762 2066 ἔσθ’
774 1997 834 2066 ὅτι
844 2004 913 2065 τῶν
924 1996 1076 2065 δεινοτά-

120 2091 344 2164 τωυέλλιπεάυ
355 2096 554 2183 φανήσεται·
574 2099 629 2163 καί
644 2095 709 2181 γάρ
727 2094 848 2182 άναιδή
865 2096 921 2164 καὶ
938 2092 1076 2181 θρασὺν

120 2199 176 2264 καί
192 2198 337 2281 κλέπτην
352 2197 408 2264 καὶ
424 2192 645 2282 ὑπερήφανον
663 2195 717 2262 καί
734 2195 844 2263 πάντα
860 2201 990 2281 μάλλον
1006 2189 1078 2281 ήέν

123 2301 327 2385 δημοκρατία
344 2296 580 2365 πολιτεύεσθαι
597 2294 783 2381 ἐπιτήδειον
800 2290 871 2361 ὅντ’
886 2289 991 2362 αὐτὸν
1008 2296 1079 2363 δεί-

123 2399 177 2475 ξω.
200 2398 255 2463 καί
267 2397 485 2481 πρῶτονμὲν,
503 2393 553 2480 ἐφ’
569 2388 597 2484 ᾦ
613 2397 768 2480 μέγιστον
779 2407 914 2478 φρονεῖ,
936 2395 1079 2479 τὴντῶν

123 2493 301 2578 χρημάτων
313 2500 483 2579 εἴσπραξιν
494 2492 696 2578 ἐξετάσωμεν
705 2490 827 2580 αὐτοῦ,
846 2492 891 2580 μή
902 2500 944 2580 τῇ
952 2490 1078 2561 τούτου

124 2595 340 2678 προσέχοντες
362 2589 533 2680 άλαζονείμ
554 2588 615 2659 τὸν
636 2600 737 2678 νοῦν,
762 2589 846 2660 άλλά
867 2590 904 2659 τὸ
927 2597 1077 2678 πρᾶγμα,

80 2684 197 2763 4θοῖον
211 2694 328 2778 γέγονε
344 2699 386 2779 τή
403 2690 561 2780 άληθείμ,
585 2699 796 2770 σκοποῦντες.
831 2682 1079 2778 οὖτοςΕάκτή-

123 2815 210 2876 μονα
221 2788 395 2876 φήσαςτάς
405 2789 564 2877 ὑμετέρας
574 2796 659 2877 ἔχειν
669 2788 902 2878 εἰσφοράς,καί
912 2785 1080 2869 τοῦτ’έξε-

123 2890 249 2972 λέγξειν
267 2883 290 2974 ή
306 2888 379 2970 παρ’
393 2891 515 2958 ἑαυτοῦ
531 2890 736 2978 καταθήσειν
746 2888 991 2975 ὑποσχόμενος,
1013 2910 1115 2966 noc-60

123 2988 267 3069 ταλάσας
277 2996 463 3076 ψηφίσματι
473 2989 647 3076 κληρωτήν
658 2987 763 3076 άρχήν
779 2989 833 3057 ἐπί
849 2996 892 3076 τῇ
908 2985 1081 3072 προφάσει

123 3090 226 3179 ταάτη
242 3092 296 3159 έπί
311 3089 374 3178 τήν
392 3095 561 3173 εἴσπραξιν
577 3093 714 3173 παρέδυ.
755 3092 956 3176 δημηγορίας
972 3082 1003 3153 δ’
1024 3086 1081 3153 έπί

123 3189 253 3269 τούτοις
264 3189 472 3276 ποιούμενος,
493 3187 536 3271 άς
546 3194 615 3256 ἔστι
626 3195 730 3273 τριῶν
741 3190 882 3271 αἵρεσις,
903 3179 975 3270 ήτά
988 3206 1081 3269 πομ-

124 3305 199 3358 πεία
211 3285 463 3376 κατακόπτειυή
474 3289 574 3356 πάλιν
581 3287 746 3371 εἰσφέρειν
756 3280 779 3372 ή
788 3284 867 3364 τοὺς
879 3281 1080 3369 ὀφείλοντας

81 3402 115 3454 49
125 3390 341 3476 εἰσπράττειν,
353 3392 563 3477 αἰρουμένων
574 3386 709 3465 εἰκότως
720 3382 817 3473 ὑμῶν
826 3384 905 3463 τούς
918 3381 1081 3468 ὀφείλον-

123 3514 182 3568 τας
202 3490 425 3574 εἰσπράττειν,
447 3501 518 3565 ταῖς
540 3484 737 3574 ὑποσχέσεσι
757 3484 916 3572 κατέχων,
940 3483 996 3550 καὶ
1020 3480 1079 3551 διά
