2370 3854
268 214 411 276 ΚΑΤΑ
436 215 829 281 ΤΙΜΟΚΡΑΤΟΤΣ.
962 217 1024 279 221

76 370 191 440 ῶδειαν
200 382 262 441 τοῦ
278 372 370 461 μήτι
387 386 510 445 παθεῖν
528 373 663 464 οἱηδδςῆ
680 379 791 447 δεινὸν
808 383 846 448 έν
862 381 968 469 τούτῳ
980 386 1025 468 τῶ

76 470 184 560 χρόνῳ
196 471 383 558 ποιήσασαν
394 477 602 563 ἱερομηνίαν,
620 472 727 564 αὐτὴν
743 479 779 546 δὲ
797 477 841 565 μη
852 482 1087 565 mmai-⁷1⁰

76 597 132 637 ναι
142 570 264 658 ταύτης
273 580 331 657 τῆς
341 570 523 658 ἀσφαλείας
539 571 628 660 παρὰ
643 574 885 662 Τιμοκράτους,
908 575 975 644 ἀλλ’
989 581 1026 644 ἐν

77 667 162 757 αὐτῇ
172 696 212 757 τη
201 668 445 759 ἱερομηνία
408 697 449 739 τα
460 671 585 793 μέγιστ’
594 671 842 761 ἠδικῆσθαι;
808 700 839 742 τι
849 670 913 793 γὰρ
924 701 968 742 αν
979 702 1026 753 τις

77 772 187 851 μεῖζον
196 764 353 854 ηδίκησεν
365 768 525 857 ἱδιῶτης’
505 796 591 858 ανηρ
601 768 806 858 ηκαταλῶων
817 798 895 852 τους
901 799 1026 858 νομους

78 862 189 951 αὐτῆς,
202 856 282 933 δι’
255 892 304 934 ων
314 873 466 950 οίκείται;

32 1017 68 1071 32
153 993 224 1064 Ὀτι
241 1023 304 1082 μευ
316 1003 433 1067 τοίνυν
449 991 595 1068 ουδλν
567 1027 616 1068 ων
632 1005 780 1087 προσῆκέ
793 1026 829 1068 τε
846 1001 901 1068 καὶ
911 999 1028 1068 κελεύ-

78 1114 176 1162 ουσιν
188 1099 222 1163 οἱ
230 1095 329 1182 νόμοι
340 1104 535 1185 πεποίηκεν,
548 1102 594 1178 είς
604 1095 644 1166 τὰ
655 1101 877 1185 προειρημένα
886 1125 935 1177 τις
947 1119 1028 1165 σκο-

77 1200 151 1264 πῶν
168 1189 211 1263 ῶν
227 1203 333 1282 γνοίη.
362 1194 414 1264 ὅτι
431 1193 464 1265 δ’
477 1194 519 1265 οὐ
535 1196 643 1283 μόνον
653 1193 737 1264 κατὰ
747 1193 841 1264 τοῦτ’
853 1193 976 1282 ἀδικεῖ,
999 1201 1030 1263 εί
1139 1262 1144 1269 ,

77 1293 229 1381 παραβὰς
240 1293 302 1363 τὸν
311 1295 435 1381 χρόνον
445 1294 506 1364 τδν
516 1298 552 1364 έκ
563 1303 633 1364 τῶν
643 1293 758 1382 νόμων
769 1295 825 1364 καὶ
835 1292 871 1364 τδ
884 1294 1029 1382 βουλεύ-

78 1402 204 1460 σασθαι
226 1394 282 1461 καὶ
301 1396 488 1475 σκέψασθαι
511 1396 586 1479 περὶ
606 1394 736 1463 τούτων
755 1392 842 1480 ὑμᾶς
859 1400 1028 1470 παντελῶς

79 1489 210 1560 ῶνελῶν
221 1489 323 1579 οῶσης
340 1496 529 1581 ἱερομηνίας
545 1496 752 1581 ἐνομοθέτει,
774 1489 859 1560 ἀλλὰ
880 1493 935 1559 καὶ
951 1489 1024 1559 κατ’

77 1592 195 1678 έκεῖνο,
203 1588 254 1660 ὅτι
264 1599 367 1659 πῶσιν
376 1595 529 1660 ἐναντίον
539 1592 726 1680 είσενήνοχε
736 1603 804 1671 τοὶς
814 1583 890 1658 οὖσι
901 1587 1026 1674 νόμοις,

78 1685 197 1757 αὐτίκα
209 1690 250 1775 δὴ
260 1689 335 1776 μάλ’
346 1689 491 1780 ἀκριβῶς
501 1691 706 1778 μαθήσεσθε.
739 1688 914 1776 ἀνάγνωθι
926 1691 965 1756 δέ
971 1714 1027 1774 μοι

77 1787 189 1877 λαβῶν
199 1792 332 1858 τουτονὶ
347 1797 481 1877 πρῶτον
497 1789 557 1860 τόν
573 1791 696 1878 νόμον,
720 1787 757 1871 δς
770 1788 954 1876 διαρρήδην
964 1783 1027 1855 οὐκ
1146 1812 1148 1817 ·

77 1892 116 1977 ἐᾷ
126 1889 234 1975 νόμον
245 1888 366 1960 οὐδένα
377 1895 529 1960 ἐναντίον
540 1893 722 1976 εἰσφέρειν,
740 1887 799 1958 έδιν
810 1891 848 1956 δέ
856 1913 904 1966 τις
915 1888 1027 1971 είσφέ-

78 2012 130 2077 ρη,
142 1990 333 2075 γράφεσθαι
343 1989 478 2059 κελεύει.
497 1990 733 2075 ἀναγίγνωσκε.

466 2164 640 2225 ΝΟΜΟΣ

35 2289 70 2344 83
143 2291 242 2388 [Τῶν
260 2284 343 2349 δι’
307 2314 407 2368 νομῶν
416 2295 475 2351 τῶν
486 2291 628 2393 κειμένων
637 2314 678 2393 μη
666 2281 795 2363 ἐξεῖναι
809 2291 895 2346 λῦσαι
906 2283 1027 2363 μηδένα,

122 2363 175 2433 ἕαν
184 2395 225 2450 μη
213 2363 269 2432 ἐν
279 2372 461 2454 νομοθέιαις
483 2367 625 2448 τόνδ’έξ
610 2376 702 2448 ειναι
710 2394 751 2432 τα
738 2367 928 2471 βουλομένω
937 2365 1027 2446 Ἀθη-

122 2450 322 2537 ναὶανλιὶειν,
340 2448 642 2557 ἕτεροννιθέντιῶνθ
654 2449 725 2518 στου
736 2447 850 2557 ἇνλυη
884 2429 1026 2536 διαχειρο-

122 2541 187 2602 τονί
186 2562 224 2600 αν
174 2537 267 2602 ίδέ
277 2546 374 2604 ποιειν
382 2564 451 2615 τους
460 2541 622 2624 προέδρους
632 2539 699 2621 περὶ
715 2560 827 2601 τουτων
841 2540 902 2598 τῶν
917 2537 1026 2618 νόμον,

122 2631 239 2705 πρῶτον
248 2623 302 2704 μέν
311 2624 378 2708 περὶ
389 2649 441 2688 του
427 2625 596 2730 κειμένου,
607 2626 634 2688 εί
643 2627 728 2687 δοκει
733 2617 892 2703 έπιτηδειος
903 2618 1029 2686 εἱναι
962 2643 1028 2726 ιφ

124 2707 259 2817 δημμτω
245 2703 523 2812 Αθηναίυνηου,
531 2709 628 2772 ἔπειτα
637 2707 762 2790 περὶτου
771 2701 970 2784 τιθεμένου
959 2728 1028 2770 οπο-

123 2816 170 2876 τερ
172 2770 281 2856 ονδΗ
261 2819 300 2857 αν
310 2792 578 2897 γειροιονησυσιν
563 2794 595 2856 οἱ
612 2791 785 2872 νομοθέται,
803 2793 907 2852 τοῦτον
923 2787 1029 2894 κύριον

124 2819 208 2939 εἶναι.
244 2879 377 2941 ἐναντίον
387 2874 467 2940 δὲ’
431 2902 531 2981 νομον
542 2903 583 2958 μη
571 2870 715 2976 έξειναι
722 2874 839 2937 τιθέναι
855 2880 915 2937 τῶν
931 2871 1029 2978 νόμων

124 2966 183 3023 τῶν
199 2962 340 3043 κειμένων
358 2964 469 3042 μηδενί.
450 2957 554 3024 ίέδιν
571 2960 604 3024 δέ
617 2984 661 3034 τις
678 2953 768 3032 λύσας
783 2983 851 3021 τινα
860 2982 919 3020 τυν
930 2982 1030 3038 νομῶν

123 3050 183 3107 τῶν
195 3046 336 3147 κειμένοιν
354 3049 414 3130 ἔτερ
415 3071 451 3110 ον
475 3042 584 3125 ιἰντιθη
611 3067 652 3122 μη
666 3036 870 3143 έπιτηδειον
840 3066 881 3104 τοο
868 3039 1030 3146 δημφ
989 3064 1029 3102 τω
1151 3106 1155 3111 ,

121 3121 322 3233 Ἀθηναίωνη
333 3073 466 3193 ἐναντίον
475 3134 536 3192 τῶν
546 3130 687 3229 κειμένων
697 3149 748 3211 ιφ,
765 3120 816 3198 τὰς
827 3120 944 3226 γραφδις
954 3103 1031 3186 εἶναι

124 3207 192 3274 κατ’
206 3206 297 3277 αὐτοῦ
309 3205 385 3275 κατὰ
395 3206 447 3276 τὸν
461 3208 554 3293 νόμον
566 3204 598 3285 ὃς
615 3216 722 3290 κεῖται,
745 3204 800 3271 έαν
816 3233 859 3282 τις
875 3233 916 3290 μη
904 3202 1030 3288 έπιτή·
1039 3220 1100 3280 711·

125 3299 205 3360 δειον
214 3302 259 3382 θη
270 3290 382 3378 νυμον]

39 3441 75 3493 34
163 3421 487 3510 Ἠκούσατεμεντου
474 3421 622 3506 νόμον·
646 3424 780 3485 πολλῶν
790 3414 827 3484 δέ
842 3422 951 3495 καλῶς
961 3441 1032 3484 κει-
