2370 3854
66 200 69 205 ’
178 206 240 269 232
375 207 474 263 xxiv,
494 201 911 262 ΔΗΜΟΣΘΕΝΟΥΣ

179 364 307 455 φέροντ’
321 364 516 454 εἰσενήνοχε,
527 360 613 432 τοῦτ’
623 360 687 448 ἤδη
699 365 896 447 πειράσομαι
906 364 982 430 νυνὶ
993 360 1128 431 δεικνύ-

179 492 237 534 ειν.
268 464 358 550 οἶμαι
375 464 524 541 ἅπαντας
541 457 586 530 δν
602 458 691 547 ὑμᾶς
701 457 904 547 ὁμολογῆσαι
916 465 986 529 δεῖν
996 459 1057 529 τδν
1067 459 1129 549 ὀρ-

180 572 250 644 θῶς
268 569 383 650 ἔχοντα
400 563 507 648 νόμον
525 562 580 629 καὶ
598 565 766 627 συνοίσειν
775 560 980 649 μέλλοντα
949 566 995 626 τῶ
1006 560 1129 647 πλήθει

178 657 1062 751 πρῶτονμὲνάπλῶςκαὶπάσιχνωρίμωςχεχράφθαι,
1074 660 1130 727 καὶ

177 760 266 852 μή
234 788 280 829 τω
268 759 396 848 ἠμὲν
366 787 450 828 ειναι
460 760 555 827 ταυτὶ
566 759 640 841 περὶ
651 755 756 823 αύτου
741 762 973 844 νομιζειν,
942 782 987 822 τω
975 755 1035 824 δὲ
1047 780 1131 823 ταυ·

177 867 214 927 τί.
239 857 333 928 ἔπειτ’
349 857 433 926 εἶναι
444 853 636 934 δυνατας
599 882 659 934 τας
669 851 859 940 πράξεις,
837 881 876 933 ας
888 858 940 922 δεῖ
953 860 1130 974 χίχνεσθαι

178 954 232 1024 διά
243 965 305 1023 τού
318 957 441 1042 νόμου
465 961 495 1023 εί
503 955 568 1039 γάρ
579 979 623 1019 αν
610 946 745 1032 καλῶς
755 953 816 1038 μὲν
828 958 911 1039 ἔχοι,
923 979 969 1040 μη
956 950 1128 1021 δυνατὸν

178 1058 217 1122 δε
225 1081 257 1120 τι
267 1053 400 1138 φράζοι,
423 1050 537 1138 εύχής,
559 1076 603 1120 ον
614 1075 723 1137 νυμον
733 1047 986 1136 διαπραττοιτ
964 1079 1007 1120 αν
1018 1057 1126 1138 ἔργον.

135 1151 261 1238 69πρός
283 1153 319 1221 δὲ
339 1150 469 1230 τούτοις
490 1152 606 1236 μηδενί
626 1156 695 1217 τῶν
716 1147 925 1216 ἀδικούντων
945 1155 1129 1233 φαίνεσθαι

177 1254 340 1336 μηδεμίαν
358 1249 495 1317 διδόντα
517 1247 703 1338 ῥᾳστώνην.
742 1254 774 1316 εί
792 1246 857 1334 γάρ
879 1248 1060 1335 δημοτικόν
1080 1276 1130 1330 τις

176 1346 339 1435 ὑπείληφε
353 1343 391 1416 τδ
403 1347 532 1432 πράους
548 1346 634 1416 εἶναι
649 1345 728 1427 τούς
750 1348 875 1434 νόμους
881 1399 891 1433 ,
913 1354 978 1415 τίσι
998 1346 1130 1428 τούτοις

176 1449 445 1534 προσεξεταζέτω,
459 1446 586 1534 κάνπερ
598 1445 712 1534 ὀρθῶς
721 1448 882 1535 βούληται
892 1462 1045 1533 σκοπεῖν,
1070 1443 1130 1513 εύ·

177 1545 271 1631 ρήσει
288 1559 355 1623 τοῖς
372 1553 548 1632 κρίνεσθαι
563 1547 758 1632 μέλλουσιν,
784 1544 825 1613 ού
842 1561 910 1626 τοῖς
921 1547 1130 1632 ἐξεληλεγμέ-

178 1669 262 1721 νοις·
284 1647 321 1710 ἐν
337 1643 399 1729 μὲν
414 1645 479 1730 γάρ
490 1659 559 1724 τοῖς
569 1643 694 1730 ἄδηλον
705 1653 793 1723 εἴτις
808 1641 870 1711 ἔστ’
882 1640 1004 1723 άδίκως
1015 1647 1130 1731 διαβε·

177 1745 349 1828 βλημένος,
359 1755 428 1820 τοϊς
440 1744 476 1809 δὲ
487 1740 565 1810 οὐδὲ
576 1742 676 1827 λόγος
686 1748 832 1811 λείπεται
842 1740 880 1809 τδ
899 1740 943 1828 μή
963 1741 1004 1809 ού
1021 1767 1130 1829 πονη·

68 1906 76 1930 ,
135 1854 249 1925 λοροτς
270 1839 361 1908 εἶναι.
395 1840 525 1907 τούτων
545 1846 662 1908 τοίνυν
683 1832 732 1907 ὦν
754 1836 955 1926 διεξελήλυθ’
978 1837 1042 1925 ἐχοδ
1061 1848 1130 1908 νῦν

178 1935 253 2005 οὐδ’
267 1935 383 2004 ὁτιοῦν
394 1931 492 2017 οὗτος
503 1944 586 2025 ἔχων
597 1936 615 2007 ὁ
628 1939 732 2025 νόμος
750 1940 950 2026 φανήσεται,
968 1938 1130 2009 τάναντία

177 2031 209 2102 δ’
223 2037 295 2121 ἑξῆς
306 2034 424 2106 πάντα.
450 2037 661 2122 πολλαχόθεν
679 2038 740 2123 μὲν
752 2031 816 2106 ούν
829 2039 872 2106 ἄν
882 2065 931 2117 τις
946 2042 1013 2123 ἔχοι
1027 2047 1129 2107 τοῦτο

178 2132 358 2217 διδάσκειν,
370 2131 508 2219 μάλιστα
520 2134 556 2204 δὲ
565 2136 625 2204 τὸν
635 2136 742 2223 νόμον
752 2134 858 2205 αύτδν
868 2134 908 2204 δν
924 2139 1054 2204 τέθεικε
1077 2141 1174 2215 δι-7

178 2230 283 2312 εξιιόν.
307 2239 375 2300 ἔστι
386 2232 450 2318 γάρ
458 2232 500 2301 ού
510 2231 548 2302 τὸ
561 2233 622 2321 μὲν
634 2233 739 2304 αὐτοῦ
750 2244 860 2315 καλοῖς
871 2233 1080 2321 κείμενον,τὸ
1092 2234 1130 2303 δὲ

175 2328 493 2417 ήμαρτημένον,άλλ’
502 2332 580 2412 ὅλος
591 2337 624 2414 ἐξ
635 2333 748 2422 άρχής,
756 2333 821 2403 άπὸ
834 2343 893 2421 τής
903 2333 1033 2420 πρύτης
1045 2342 1131 2402 συλ-

134 2451 167 2509 χς
177 2436 281 2514 λαβῆς
297 2434 390 2514 μέχρι
405 2438 464 2514 τῆς
479 2439 684 2516 τελευταίας,
703 2432 752 2519 ἐφ’
767 2430 846 2520 ύμῖν
857 2447 969 2501 κεῖται.
1002 2431 1083 2519 λαβὲ
1095 2429 1129 2500 δ’

176 2523 289 2603 αὐτοῖς
299 2523 362 2611 τήν
372 2526 508 2613 γραφήν
518 2527 640 2616 αὐτὴν,
664 2535 719 2599 καὶ
735 2536 827 2618 μέχρι
844 2540 905 2600 τοῦ
923 2531 1058 2615 πρώτον
1068 2533 1132 2618 με’·

177 2651 257 2709 ρους
274 2621 449 2708 άνάχνωθι
465 2622 526 2692 τὸν
543 2627 666 2713 νόμον·
690 2632 795 2718 ῥᾷστα
810 2627 874 2714 γάρ
893 2626 999 2706 οὕτως
1017 2629 1082 2713 ἔχω’
1092 2654 1129 2697 τε

177 2722 298 2801 διδάξω
309 2723 364 2789 καὶ
374 2719 468 2807 ὑμεῖς
478 2723 664 2810 μαθήσεσθ’
677 2724 699 2794 δι’
710 2733 804 2813 λε’χω.

564 2885 741 2948 ΝΟΜΟΣ.

262 3005 394 3094 [Ἐπί
358 3038 409 3093 της
426 3016 625 3091 Πανδιονίδος
640 3014 756 3122 πρύτης
772 3022 948 3100 πρυτανείας
964 3016 1127 3121 δωδεκάτη,

218 3101 277 3159 τῶν
298 3097 495 3199 προέδρων’
481 3095 663 3180 επεψήφισεν
680 3094 867 3206 Ἀριστοκλης
852 3097 1126 3187 ςΜνρρινούσιος,

222 3177 404 3264 Τιμοκράτης
415 3177 486 3262 εἷπε,
509 3184 602 3246 καὶ”
572 3209 597 3247 ει
607 3211 665 3248 τινι
675 3211 735 3248 των
746 3177 963 3288 ὄφειλοντων
933 3211 975 3248 τω
962 3188 1126 3290 δημοσίω

217 3269 438 3366 προστετίμηται
461 3261 537 3330 κατὰ
552 3264 645 3415 νόμον
661 3264 686 3370 ή
698 3264 773 3331 κατά
784 3266 933 3374 ψήφισμα
944 3263 1081 3350 δεσμοῦ
1060 3295 1081 3351 η
1092 3249 1136 3333 τδ

218 3342 322 3410 λοιπον
300 3349 583 3447 προστιμηθη,
581 3378 631 3415 ναι
647 3346 728 3414 αύτιδ
742 3347 762 3433 ή
757 3348 884 3416 άλλω“
869 3353 950 3438 νττερ
948 3354 1129 3436 ἐκείνουέγ-

215 3424 327 3510 χοητᾶς
340 3439 539 3515 καταστῆσαι]
