2370 3854
208 245 333 309 ΠΡΟΣ
343 242 555 307 ΒΟΙΩΤΟΝ
565 243 676 304 ΠΕΡΙ
686 244 798 306 ΠΡΟΙ
799 244 835 305 Κ.
850 245 962 306 ΜΗΤ.
1001 243 1065 308 489

114 396 229 492 οὗτος,
257 397 299 474 ού
323 424 428 492 φησιν
446 399 520 482 υλὸς
541 400 641 487 εἶναι,
662 412 783 471 τούτου
803 402 1007 492 λοιδορήσει,
1037 395 1065 492 ᾦ

9 527 17 538 ·
113 513 259 593 προσῆκε
278 506 333 572 καὶ
351 513 385 571 ελ
397 529 445 582 τις
456 499 555 579 ἀλλος
566 499 768 588 ἐβλασφήμει
778 504 853 589 περὶ
864 500 971 571 αὐτοῦ
982 501 1141 589 ἀγα-1013

112 617 253 673 υακτεϊυ.

68 726 104 779 50
210 695 309 784 Οἶμαι
330 697 362 767 δ’
375 697 496 783 αὐτὸν,
509 692 666 786 ἀάνδρες
677 703 841 787 δικασταὶ,
853 700 988 770 έπειδάν
997 709 1066 768 τῶν

111 800 224 869 άλλιον
234 798 354 888 ἀπορῇ,
366 805 477 877 κακούς
486 801 525 867 τέ
532 824 572 883 με
583 800 799 886 ἐπιχειρήσειν
809 803 917 885 λέγειν
928 801 982 867 καλ
991 804 1062 866 δια·

111 897 248 985 βάλλειν
266 897 499 982 πειράσεσθαι,
522 896 681 978 διεξιόνθ’
700 896 820 985 ἀςέμοδ
829 900 956 984 μὲνκαδ
968 897 1065 982 ἐτρά-

111 1022 181 1082 φην
198 1000 252 1064 καὶ
266 997 471 1082 ἐπαιδεύθην
481 998 537 1064 καὶ
547 1001 651 1083 ἔγημα
662 999 700 1065 έν
709 1005 750 1085 τῇ
759 1004 820 1065 τοῦ
832 995 955 1082 πατρὸς
965 1002 1062 1085 οἰκίᾳ,

111 1093 212 1177 αύτδς
223 1094 254 1163 δ’
280 1093 419 1175 ούδευὸς
441 1096 570 1164 τούτιου
591 1100 754 1182 μετέσχεν.
788 1094 881 1184 ὑμεῖς
903 1096 935 1164 δ’
956 1100 1063 1166 ἐνθυ-

109 1193 223 1280 μεῖσθ’
235 1193 285 1262 ὅτι
296 1195 350 1281 ἐμὲ
360 1195 422 1279 μὲν
432 1191 454 1280 ή
465 1195 571 1280 μήτηρ
583 1200 684 1263 παῖδα
695 1204 921 1265 καταλιποῦσα
932 1195 1063 1266 έτελεύ-

109 1310 224 1378 τησεν,
249 1289 333 1358 ὥστε
343 1316 399 1376 μοι
411 1288 531 1358 δκανόν
540 1285 586 1378 ήν
595 1290 660 1360 ἀπὸ
672 1302 733 1361 τοῦ
744 1295 847 1363 τόκου
857 1301 915 1381 τής
926 1292 1063 1380 προικὸς

66 1412 99 1464 51
110 1391 164 1456 καὶ
185 1392 368 1474 τρέφεσθαι
391 1391 445 1457 καὶ
461 1388 695 1458 παιδεύεσθαι·
717 1389 738 1478 ή
756 1391 792 1460 δὲ
808 1393 938 1460 τούτων
954 1393 1061 1479 μήτηρ

107 1489 289 1572 Πλαγγών,
300 1491 469 1573 τρέφουσα
479 1484 557 1574 μεθ’
571 1485 673 1575 αὐτῆς
683 1487 822 1569 τούτους
833 1491 888 1557 καδ
898 1495 1062 1574 θεραπαί-

109 1613 168 1665 νας
186 1583 309 1672 συχνάς
325 1587 380 1652 καὶ
396 1582 478 1673 αύτή
498 1594 687 1666 πολυτελεῖς
704 1593 805 1670 ζῶσα,
828 1588 883 1655 καὶ
899 1592 946 1666 εἰς
956 1594 1060 1654 ταῦτα

108 1682 168 1752 τὸν
185 1686 308 1767 πατέρα
325 1680 386 1750 τὸν
404 1681 485 1770 έμὸυ
501 1681 647 1772 χορηχδυ
663 1687 762 1773 ἑαυτῇ
781 1681 846 1752 ὑπὸ
863 1693 921 1770 τής
938 1686 1060 1752 ἐπιθυ-

109 1791 184 1868 μίας
195 1788 314 1869 ἔχουσα
325 1786 381 1851 καλ
391 1780 497 1852 πολλά
508 1788 660 1852 δαπανᾶν
670 1783 917 1869 ἀναγκάζουσα,
929 1781 992 1850 ούκ
1004 1791 1059 1850 λσα

110 1883 217 1968 δήπου
236 1891 293 1969 τῆς
309 1885 440 1952 ἐκείνου
457 1881 571 1963 οὐσίας
585 1884 656 1969 έμοὶ
667 1880 854 1969 ἀνήλωκεν,
878 1879 961 1948 ἀστε
972 1877 1059 1948 πολὺ

108 1988 236 2067 μᾶλλον
246 1981 425 2069 προσήκειν
434 1982 625 2069 ἐμὲτούτοις
635 1975 818 2068 ἐγκαλελυή
827 1977 932 2048 αύτόν
941 1978 1059 2066 ἐγκλή-

64 2101 99 2154 52
110 2080 186 2148 ματ’
203 2086 289 2166 ἔχειν
306 2078 373 2150 ὑπὸ
393 2081 532 2149 τούτων.
565 2079 647 2166 πρὸς
664 2080 728 2165 γάρ
744 2093 811 2158 τοῖς
828 2079 940 2157 ἀλλοις
953 2087 1058 2145 εἴκοσι

108 2179 169 2263 μὲν
189 2187 274 2265 μνᾶς
296 2178 531 2265 δανεισάμενος
551 2176 631 2265 μετά
652 2175 853 2260 τοῦπατρὸς
869 2174 957 2261 παρά
974 2183 1058 2244 Βλε-

109 2282 210 2344 παίου
221 2283 282 2344 τοῦ
293 2283 486 2362 τραπεζίτου
497 2283 542 2356 εἰς
553 2275 645 2364 ἀκήν
656 2303 729 2344 τινα
739 2274 926 2362 μετάλλων,
946 2273 1057 2360 ἐπειδή

108 2372 126 2442 ὁ
138 2372 245 2461 πατήρ
256 2373 454 2462 ἐτελεύτησε,
465 2373 506 2442 τά
516 2375 578 2461 μέν
585 2377 726 2462 μέταλλα
735 2371 818 2459 πρὸς
826 2371 965 2450 τούτους
973 2375 1060 2440 ένει-

107 2474 236 2560 μάμην,
258 2470 295 2541 τὸ
315 2473 450 2542 δάνειον
467 2471 499 2541 δ’
519 2471 619 2553 αὐτὸς
636 2473 874 2560 εἰσεπράχθην,
896 2472 1005 2555 ἑτέρας
1022 2470 1058 2539 δὲ

106 2579 210 2662 χιλίας
230 2579 276 2652 εἰς
295 2571 356 2660 τήν
372 2582 434 2642 τού
450 2570 575 2661 πατρὸς
590 2571 701 2660 ταφήν
721 2569 810 2660 παρά
826 2570 1057 2657 Λυσιστράτου

109 2680 267 2761 Θορικίου
279 2671 513 2759 δανεισάμενος
524 2677 591 2761 ἰδία
602 2674 755 2740 έκτέτικα.
780 2668 823 2750 ἀς
835 2665 867 2737 δ’
880 2665 990 2755 ἀληθῆ
1002 2669 1058 2736 καὶ

107 2779 210 2840 ταῦτα
221 2777 322 2860 λέγω,
335 2774 371 2840 ἐκ
382 2770 512 2839 τούτων
523 2779 591 2839 τῶν
600 2777 793 2855 μαρτυριῶν
804 2776 945 2838 ελσεσθε.

451 2944 712 3007 ΜΑΡΊῪΡΙΑΙ.

63 3095 97 3150 53
192 3074 346 3137 Τοσαυτα
357 3070 498 3136 τοίνυν
481 3093 562 3153 εμου
550 3069 813 3152 ἐλαττουμένου
823 3089 985 3151 φανερως,
999 3062 1059 3130 οδ-

105 3170 177 3236 τοσδ
193 3181 259 3239 νῦν
275 3167 473 3256 σχετλιάζων
489 3168 543 3233 καὶ
560 3171 774 3233 δεινοπαθωυ
791 3160 899 3232 καὶ
862 3189 925 3248 τηυ
935 3160 1058 3247 προικά

104 3293 145 3354 με
157 3290 216 3355 της
226 3293 350 3359 μητρος
361 3265 594 3350 αποστερησει
617 3261 690 3332 ἀλλ’
704 3261 814 3349 ὑμεῖς,
838 3253 996 3347 ωανδρες
1008 3267 1058 3330 δι
1066 3273 1132 3330 1024

104 3373 220 3445 κασταδ
226 3394 332 3460 προς
341 3362 424 3443 Διος
434 3367 489 3433 καὶ
500 3370 608 3448 θεῶν,
627 3388 670 3449 μη
659 3357 940 3445 ἐκαταπλαηήτε
922 3359 989 3428 υπό
1001 3389 1061 3444 της

95 3480 248 3560 κραυγῆς
259 3463 472 3558 τηςτούτου·
498 3460 605 3544 πολὺς
617 3462 709 3549 γὰρ,
728 3453 1097 3534 mmmmm&
