2370 3854
175 234 236 298 128
389 236 474 293 xxu.
501 230 924 292 ΔΗΜΟΣΘΕΝΟῬΣ

176 395 313 483 δεικνόη
324 401 373 474 τίς
381 421 413 462 τι
423 392 569 480 τούτων,
592 388 711 460 ίκανόν
729 396 875 477 νομίζετε
891 395 1026 477 ἔλεγχον
1042 396 1134 478 ἔχειν

24 549 27 553 .
133 517 167 571 23
176 492 269 580 ὑμεῖς
290 493 424 572 εἰκότως
442 501 501 581 τῆς
523 490 681 579 ἀληθείας
704 488 867 559 ἑκάστοτε.
899 488 993 577 ἡμεῖς
1012 497 1132 561 τοίνυν

177 591 286 662 οὐκέκ
297 592 409 679 λόγων
426 592 565 659 εἰκότων
579 588 658 659 οὐδὲ
676 596 879 713 τεκμηρίων,
901 586 984 657 άλλδι
996 587 1071 677 παρ’
1086 582 1133 661 οὗ
1166 682 1170 687 Ι

176 693 317 779 μάλιστα
329 695 425 778 δίκην
437 696 506 759 ἔστι
518 697 632 775 λαβεῖν
642 690 761 779 τούτῳ,
778 698 861 757 ταῦτ
864 687 1131 776 ’ἐπιδείκνυμεα

176 790 283 877 ἄνδρα
295 790 523 877 παρεσχηκότα
539 801 781 876 γραμματεῖον,
801 778 879 856 ἐν
850 814 876 878 ῳ
894 785 935 855 τά
951 787 1060 878 τούτῳ
1070 794 1132 876 βε-

177 897 322 977 βιωμὲνα
334 885 500 975 ἔνεστιν,
480 914 516 967 ος
528 885 632 955 αὑτὸν
642 884 842 955 ὑπεύθυνον
851 886 991 973 ποιήσας
1001 913 1131 975 μαρτυ-

178 995 351 1075 ρεῖταῦτα.
383 984 465 1055 ὥσθ’
479 983 561 1054 ὅταν
575 985 636 1072 μὲν
654 988 824 1069 λοιδορίαν
840 1012 944 1054 ταυτα
954 988 1010 1054 καὶ
1019 992 1132 1055 αἰτίαν

178 1086 262 1154 εἶναι
274 1094 340 1173 φῇ,
362 1080 610 1172 ὑπολαμβάνεθ’
623 1081 667 1164 ὡς
684 1092 789 1151 ταῦτα
807 1088 869 1171 μέν
880 1088 970 1154 ἐστιν
987 1090 1131 1175 ἔλεγχος,

178 1181 201 1252 δ
217 1181 248 1251 δ’
262 1176 360 1262 οὗτος
378 1198 481 1271 ποιεί,
500 1191 604 1252 ταῦτα
619 1188 769 1271 λοιδορία
786 1186 842 1252 καὶ
860 1189 962 1253 αἰτία·
997 1180 1131 1254 ὅτανδ’

179 1280 230 1350 ὅτι
240 1279 324 1368 πρὸς
334 1281 412 1361 τοδς
422 1285 806 1370 θεσμοθέταςπροσηκεν
817 1285 1029 1368 ἐπαγγέλλειν
1040 1280 1134 1371 ἡμῖν,

178 1385 284 1451 ἐκεῖνο
295 1380 558 1470 ὑπολαμβάνετε,
570 1380 622 1451 ότι
633 1383 797 1451 καὶτοῦτο
809 1379 991 1468 ποιήσομεν
1000 1382 1056 1451 καὶ
1066 1389 1134 1451 νῦν

135 1505 171 1559 24
179 1482 416 1567 προσηκόντως
426 1483 501 1568 περὶ
512 1490 575 1550 τοῦ
585 1482 694 1567 νόμου
705 1484 853 1568 λέγομεν.
877 1486 908 1548 εί
922 1483 984 1567 μὲν
993 1478 1060 1567 γάρ
1071 1479 1129 1551 άλ·

178 1587 239 1646 λον
250 1577 325 1646 τινά
344 1577 459 1665 ἀγῶνα
478 1578 725 1666 ἀγωνιζομένου
736 1598 799 1647 σου
809 1586 914 1649 ταῦτα
923 1588 1128 1667 κατηγοροῦ-

178 1703 257 1764 μεν,
281 1680 414 1757 δικαίως
431 1673 474 1746 άν
489 1676 703 1765 ἠγανάκτεις·
726 1684 757 1747 εί
772 1677 803 1747 δ’
818 1677 834 1748 ό
848 1679 910 1768 μὲν
920 1688 986 1749 νῦν
997 1683 1124 1769 ἐνεστη-

178 1774 245 1856 κοδς
261 1773 354 1863 ἅγιόν
370 1781 438 1845 ἐστι
456 1782 675 1867 παρανόμων,
699 1783 733 1847 οί
746 1779 845 1867 νόμοι
862 1777 894 1848 δ’
909 1777 972 1849 οὐκ
989 1783 1132 1850 ίιόοιλέ-

180 1901 252 1959 μειν
269 1873 348 1944 οὐδὲ
365 1876 405 1943 τά
417 1884 542 1964 ἔννομα
560 1876 640 1958 τοδς
655 1877 743 1946 οὕτω
753 1879 971 1967 βεβιωκότας,
992 1877 1088 1969 ἡμεῖς
1098 1876 1134 1948 δ’

180 1977 411 2060 ἐπιδείκνυμεν
438 1973 479 2043 οό
502 1977 610 2063 μόνον
638 1979 793 2065 εἰρηκότα
815 1977 919 2049 αὐτόν
941 1980 1134 2068 παράνομα,

180 2069 264 2139 άλλδι
292 2074 346 2139 καὶ
368 2076 552 2161 βεβιωκότα
575 2076 790 2165 παρανόμως,
812 2087 882 2158 πῶς
905 2077 982 2166 ,οὐχὶ
1006 2080 1136 2167 προσή-
1144 2086 1183 2143 θοι

180 2196 231 2238 κει
249 2172 357 2256 λέγειν
369 2175 444 2259 περὶ
458 2174 581 2244 τούτου
598 2184 659 2245 τοῦ
671 2176 794 2264 νόμον,
808 2176 847 2245 δι’
861 2171 903 2247 οὗ
920 2186 1025 2247 ταῦτα
1041 2182 1132 2266 ἐλίγ,

180 2295 285 2355 χεται;

137 2392 171 2443 25
264 2373 331 2440 Καὶ
341 2371 408 2458 μὴν
418 2375 554 2445 κάκεῖνό
564 2403 602 2462 με
614 2382 664 2446 δεῖ
673 2389 777 2464 μαθεῖ
775 2404 796 2445 ν
807 2375 903 2464 ὑμᾶς,
922 2377 974 2447 ὅτι
984 2377 1064 2459 τοὺς
1074 2377 1137 2447 νό-

182 2492 265 2552 μους
276 2493 294 2536 ο
283 2465 409 2549 ’τιθεὶς
419 2473 687 2552 τοάτουςΣόλων
698 2478 808 2544 καὶ
762 2503 831 2544 των
841 2475 951 2546 ἄλλων
961 2477 1042 2559 τοδς
1051 2484 1138 2547 πολ-

183 2563 273 2649 λοὺς,
287 2565 419 2636 οὐδὲν“
398 2596 511 2656 ομοιος
524 2599 571 2639 ων
580 2573 688 2663 τούτω
704 2573 957 2665 νομοθέτης,’
918 2603 978 2663 ουχ
989 2578 1039 2646 ἑνὶ
1049 2582 1137 2647 ἔδω-

183 2691 222 2732 κε
238 2664 351 2757 τρόπῳ
370 2671 445 2753 περὶ
461 2696 530 2737 των
546 2667 797 2759 ἀδικημάτων’
780 2674 928 2744 εκάστων
949 2674 1137 2764 λαμβάνειν

184 2769 280 2850 δίκην
296 2778 364 2844 τοῖς
380 2772 599 2898 βουλομένοις
616 2770 705 2859 παρά
722 2801 790 2843 των
800 2772 1026 2862 άδικοάντων,
1049 2771 1137 2843 ἄλλοι

184 2870 361 2949 πολλαχως.
383 2862 505 2984 ηδει
466 2893 541 2954 γαρ,
553 2867 652 2956 οἶμαι,
665 2871 771 2959 τοῦθ’,
789 2873 841 2943 ὅτι
851 2872 930 2954 τούς
941 2879 977 2944 ἐν
988 2901 1027 2963 τη
1015 2874 1138 2943 πόλει

183 2964 343 3048 γενέσθαι
354 2962 481 3044 πάντας
492 2964 612 3054 ὁμοίως
628 2999 648 3058 η
636 2925 831 3054 ’“δεινοδς”
807 3003 828 3062 η
841 2985 979 3062 θρασεῖς
990 3002 1011 3062 η
998 2970 1139 3062 μετρί-

184 3087 311 3140 ουςουκ
322 3088 366 3128 αν
377 3072 435 3149 είη
459 3070 490 3133 εί
497 3062 669 3158 μὲνουν,
648 3098 692 3151 ως
702 3087 771 3153 τοῖς
780 3079 923 3161 μετριοις
932 3079 1028 3161 δίκην
1037 3076 1139 3159 ἐξαρ

182 3164 272 3228 κε’σει
293 3168 417 3251 λαβεῖν,
442 3163 529 3234 οὕτω
549 3167 630 3250 τούς
650 3171 776 3258 νόμους
795 3173 905 3261 θησει,
927 3199 986 3261 μετ
990 3170 1139 3252 ἀδείας

183 3263 320 3328 ἔσεσθαι
330 3263 475 3345 πολλους
486 3268 655 3356 πονηρους
665 3285 794 3358 ηγειτο
813 3269 924 3341 είδ’“
902 3300 947 3353 ως
957 3286 1026 3351 τοῖς
1043 3281 1137 3356 θρα-

185 3358 256 3422 σέσι
266 3359 321 3426 καί
332 3363 485 3444 δυνατοῖς
497 3372 622 3452 λέγειν,
635 3364 715 3445 τοὺς
726 3368 856 3449 ίδιοότας
868 3396 909 3437 ου
900 3367 1138 3457 ’δυνησεσθαι

141 3451 244 3526 λῖτόν
261 3454 366 3528 αὐτόν
384 3462 514 3544 τούτοις
527 3464 653 3551 τρόπον
670 3467 852 3554 λαμβάνειν
870 3472 975 3555 δίκην.
1010 3473 1083 3536 δεῖν
1101 3464 1134 3537 δ’
