2370 3854
364 217 509 277 ΚΑΤΑ
528 206 772 277 ΜΕΙΔΙΟΥ.
1005 215 1049 277 65

92 405 130 464 γε
148 375 297 464 ὑπῆρχεν
315 403 381 462 ων,
404 372 479 443 οὐδ’
494 372 543 461 ἐφ’
563 374 660 461 ὕβρει
677 372 768 442 τοῦτ’
782 377 944 461 ἐποίησεν.
978 373 1047 445 ἀλλ’

93 502 135 544 ου
124 473 277 566 ’Μειδία
297 473 429 543 τούτων
446 470 547 542 οὐδὲν
567 470 678 542 ἔστ’ί
647 479 765 542 εί·πεῑν
787 473 917 560 καὶγὰρ
929 473 1051 560 ἐχθρὸς

93 601 152 660 ην,
174 575 232 642 καὶ
247 569 320 659 μεθ’
333 569 460 690 ἡμέραν
478 595 493 638 ε
495 569 573 649 ίδως
584 568 681 658 ὕβριζ
682 598 708 657 ε,
666 571 830 651 ζ’καὶ
791 598 853 639 ουκ
864 575 916 641 έπλ
927 573 1050 641 τούτου

94 671 211 757 μόνον,
223 666 292 737 ἀλλ’
302 671 353 736 έπλ
365 668 501 736 πάντων
508 675 942 758 φαίνεταιπροηρημένοςμε
953 672 1050 793 ὑβρί-

47 779 83 834 ³9
97 777 171 850 ζειν.
192 765 299 837 καὶ
257 793 325 854 μην
336 764 415 835 οὐδὲ
426 792 495 835 των
512 772 756 854 πεπραγμένων
773 771 910 856 έμοὶκαλ
920 771 1051 849 τούτοις

97 865 198 935 οὐδέν
208 865 325 952 ὅμοιον
336 863 415 949 ὁροῑ.
445 873 579 949 πρῶτον
589 864 725 954 μὲνγὰρ
738 864 757 935 ὁ
770 873 978 955 θεσμοθέτης
989 868 1050 954 οὐχ

97 967 181 1052 ὑπὲρ
204 963 303 1052 ὑμῶν
320 962 399 1035 οὐδὲ
414 973 483 1032 των
500 965 617 1051 νόμων
634 972 815 1052 φροντίσας
833 964 910 1035 οὐδ’
923 964 1050 1053 ἀγανα-

98 1066 219 1152 κτήσας
242 1065 441 1152 φανήσεται,
465 1062 535 1133 ἀλλ’
557 1068 624 1154 ίθίηι
636 1066 782 1144 πεισθεὶς
801 1062 915 1155 ὁπόσῳ
928 1066 1050 1152 δήποτε

95 1162 255 1254 ἀργυρίῳ,
267 1166 434 1250 καθυφεὶς
451 1162 511 1232 τὸν
522 1163 651 1249 ἀγῶνα·
675 1161 779 1232 ἔπειθ’
791 1161 809 1232 ὁ
822 1166 955 1250 πληγεὶς
965 1167 1051 1232 ἐκεί-

95 1289 153 1341 νος
164 1259 230 1331 ὑπὸ
241 1269 302 1331 τοῦ
318 1262 533 1348 Πολυζήλου,
555 1259 656 1332 ταύτὰ
672 1270 803 1427 τοῦτο,ἰ
812 1267 880 1353 ἰδία
891 1263 1052 1332 διαλυσά-

97 1388 211 1448 μενος,
235 1364 405 1446 ἐρρῶσθαι
425 1357 531 1428 πολλα
552 1374 620 1438 τοῖς
640 1359 755 1446 νόμοις
773 1386 788 1427 ε
790 1359 876 1428 ίπώυ
892 1358 979 1429 καλ
958 1375 1049 1448 υμῖν,
1061 1381 1113 1444 527

52 1470 87 1522 40
100 1459 175 1527 οὐθ’
187 1459 341 1545 εἰσήγαγε
359 1458 420 1526 τόυ
435 1459 639 1544 Πολύζηλον.
670 1458 778 1581 εἰμεν
788 1465 904 1527 τοίνυν
915 1463 1051 1528 ἐκείνων

76 1570 296 1643 κατηγορεῖν
307 1557 465 1645 βούλεταί
472 1583 520 1636 τις
526 1561 562 1624 έυ
574 1564 621 1647 τῷ
631 1558 783 1645 παρόντι,
792 1562 842 1625 δεῖ
851 1562 959 1642 λέγειν
968 1565 1052 1625 ταῦ-

98 1685 158 1741 τα,
182 1664 213 1727 εί
230 1657 262 1725 θ’
273 1651 403 1742 ὑπὲρ
376 1685 425 1725 ων
438 1654 502 1742 έγώ
516 1655 638 1725 τουτου
655 1653 1051 1744 κατηγόρηκαᾶπολογεῑ-

98 1767 190 1842 σθαι,
203 1756 311 1825 πάντα
322 1752 483 1843 μᾶλλου”
461 1783 481 1842 η
493 1764 598 1823 ταῦτα
606 1758 748 1824 λεκτέον.
758 1765 826 1825 πᾶν
836 1782 899 1842 γαρ
906 1780 1052 1822 τουναν-

98 1862 170 1924 τίον
182 1859 319 1934 ἐκείνοις
330 1852 432 1934 αὐτὸς
442 1854 503 1942 μὲν
514 1853 592 1922 οὔτε
607 1851 720 1941 λαβών
733 1851 833 1921 οὐδὲν
846 1849 916 1921 οὔτ’
931 1855 1053 1939 ἐπιχει-

100 1953 203 2040 ρήσας
216 1961 331 2041 λαβεῖν
342 1952 549 2040 φανήσομαι,
570 1950 633 2039 τὴν
646 1949 677 2019 θ’
690 1948 775 2037 ὑπὲρ
792 1960 860 2019 τῶν
871 1950 986 2038 νόμων
997 1952 1053 2019 καὶ

99 2050 162 2137 τὴν
174 2050 259 2135 ὑπὲρ
279 2059 342 2121 τοῦ
359 2054 447 2121 θεοῦ
462 2055 518 2120 καὶ
533 2048 596 2138 τὴν
614 2049 698 2135 ὑπὲρ
715 2048 811 2138 ὖμοίν
831 2059 990 2138 τιμωρίαν
1002 2054 1054 2118 δι-

100 2157 202 2229 καίως
213 2151 364 2236 φυλάξας
378 2154 434 2218 καὶ
451 2159 517 2219 νῦν
527 2148 748 2228 ἀποδεδωκώς
758 2147 847 2235 ὑμῖν.
880 2149 925 2235 μὴ
936 2156 1053 2216 τοίνυν

100 2253 173 2317 ἐᾶτε
190 2248 284 2316 ταῦτ’
299 2247 404 2316 αὐτὸν
415 2253 538 2334 λέγειν,
551 2246 642 2333 μηθ’,
655 2243 698 2314 izv
714 2245 878 2332 βιάζηται,
901 2242 1050 2313 πείθεσθ’

53 2363 83 2418 41
99 2345 142 2425 οἱς
154 2347 285 2416 δίκαιόν
295 2373 327 2414 τι
338 2351 475 2431 λέγοντι.
506 2341 550 2413 ἂν
561 2343 626 2431 γὰρ
638 2341 735 2410 ταῦθ’
747 2342 853 2422 οὕτως
864 2346 1053 2429 ἐγνωσμένα

99 2443 232 2532 ὑπέρχη
251 2441 327 2528 παρ’
340 2441 436 2531 ὑμῖν,
458 2442 522 2513 οὐκ
538 2447 668 2513 έυέσται
684 2441 775 2534 αὐτῷ
792 2442 890 2528 λόγος
906 2441 985 2523 οὐδὲ
996 2440 1051 2523 εἷς.

101 2549 179 2610 ποία
190 2541 254 2628 γὰρ
267 2543 450 2629 πρόφασις,
468 2548 518 2622 τίς
529 2541 729 2628 ἀνθρωπίνη
741 2542 796 2609 καὶ
806 2548 920 2628 μετρία
933 2549 1053 2628 σκῆψις

100 2657 253 2728 φανεῖται
263 2650 333 2710 τῶν
344 2644 586 2729 πεπραγμένων
598 2639 704 2731 αὕτῷς
736 2637 820 2726 ὀργὴ
838 2640 879 2725 νη
892 2646 975 2707 Δία·
997 2643 1053 2709 καὶ

98 2742 163 2827 γὰρ
174 2749 274 2810 τοῦτο
285 2739 389 2828 τυχὸν
399 2744 493 2822 λέξει.
516 2740 585 2809 ἀλλ’
597 2736 620 2807 δι’
629 2739 691 2826 μὲν
701 2737 745 2806 ἅν
757 2763 805 2816 τις
815 2735 913 2822 ἄφνω
924 2735 985 2806 τὸν
994 2747 1053 2806 λο-

97 2839 220 2927 γισμόυ
229 2839 366 2926 φθάσας
376 2845 499 2929 ἐξαχθῇ
509 2846 647 2925 πρᾶξαι,
664 2833 730 2907 κᾶν
745 2834 943 2924 ὑβριστικῶς
955 2838 1053 2926 ποιή·

99 2960 152 3026 ση,
166 2937 206 3005 δι’
219 2936 325 3026 ὀργήν
335 2936 362 3026 γ’
372 2945 421 3008 ἔνι
433 2947 538 3026 φῆσαι
549 2940 778 3024 πεποιηκέναι·
790 2934 813 3004 δι’
823 2939 855 3004 θ’
868 2934 912 3005 ἄν
922 2941 958 3006 ἐκ
970 2947 1053 3006 πολ-

99 3042 163 3103 λοῦ
184 3046 331 3122 συνεχῶς
351 3041 404 3107 ἐπὶ
425 3036 551 3117 πολλὰς
572 3036 697 3125 ἡμέρας
719 3035 808 3122 παρὰ
826 3036 905 3117 τοὺς
926 3037 1052 3126 νόμους

99 3133 256 3219 πράττων
273 3161 321 3214 τις
338 3145 507 3223 φωρᾶται,
530 3135 573 3206 οὐ
591 3139 699 3224 μόνον
721 3136 829 3224 δήπου
845 3143 908 3205 τοῦ
927 3137 972 3225 μὴ
984 3134 1052 3224 μετ’

99 3231 202 3320 ὀργης
224 3230 345 3320 ἀπέχει,
379 3234 464 3304 ἀλλά
486 3239 541 3305 καὶ
562 3240 834 3326 βεβουλευμένως
864 3231 882 3301 ὀ
903 3243 1053 3318 τοιοῦτος

100 3328 244 3420 ὑβρίζων
255 3336 345 3402 ἐστὶν
355 3333 419 3422 ἤδη
432 3336 586 3423 φανερός.

57 3439 91 3493 42
180 3428 988 3525 Ἀλλοὶμὴυὸπηνίκακαὶπεποιηκολςᾶκατηγορῶ
998 3439 1053 3506 καὶ

140 3525 280 3581 Demosth.
302 3528 409 3586 v01.11.
885 3537 906 3590 8
