2370 3854
177 185 240 249 374
373 189 489 250 ΧΧΧΙΙ.
511 188 925 250 ΔΗΜΟΣΘΕΝΟῬΣ

177 347 300 414 τούτου
310 347 503 431 καὶμᾶλλον
519 343 628 432 ᾑρεῖτο
641 343 742 425 αὐτός
758 374 793 415 τε
810 354 969 430 κερδᾶναι
984 352 1041 419 καὶ
1050 348 1134 438 ἡμῖν

178 442 218 511 τὰ
230 447 339 512 δίκαια
356 442 559 528 ἀποδοῦναι,
577 439 600 529 ἢ
617 447 908 533 κατακοινωνήσας
924 448 1056 526 τούτοις
1071 456 1134 537 τῆς

176 542 238 629 μὲν
250 541 408 628 ὠφελείας
418 543 557 621 τούτους
568 549 703 628 ποιήσαι
713 551 856 627 μερίτας,
869 542 955 629 ἡμᾶς
966 544 999 611 δ’
1011 542 1132 633 ύόική-

177 661 246 707 σαι·
271 638 314 720 ὡς
327 641 362 709 δὲ
373 645 473 724 δεῦρο
483 639 623 727 ἥκοντος
634 636 742 706 αύτού
757 642 813 706 καὶ
831 643 906 724 περὶ
924 648 1028 708 ταῦτα
1040 666 1132 725 πρα-

175 740 425 824 γματευομένου
436 741 601 823 ἐπανῆκεν
618 733 753 822 ὁσῖτος,
771 736 877 823 ὀίλλην
894 736 1020 817 εύθέως
1030 744 1131 829 ἔλαβε

132 838 322 925 ηςγνύμην.
346 838 401 903 καὶ
412 835 480 921 ἅμα
492 835 670 922 (εἰρήσεται
680 835 762 920 γαρ,
781 828 938 921 οόὀῖνιλρες
946 836 1130 923 Ἀθηναῖοι,

176 945 266 1003 πᾶσα
277 933 361 1019 πρὸς
371 931 487 1018 ὑμᾱςή
502 931 658 1018 ἀλήθεια)
676 935 732 999 καὶ
747 930 841 1019 ἡμεῖς
859 937 892 1000 οί
903 936 1130 1015 δεδανεικότες

176 1033 449 1119 προσεκρούομεν
459 1029 549 1120 αύτῷ
562 1032 616 1098 καὶ
635 1037 761 1115 πικρῶς
781 1041 928 1117 εἴχομεν,
946 1040 1005 1118 τής
1017 1057 1053 1100 τε
1072 1039 1130 1121 ζη-

176 1138 251 1217 μίας
268 1129 316 1216 ἐφ’
329 1128 415 1216 ήμᾶς
437 1128 552 1215 ἰούσης
572 1136 630 1216 τής
647 1131 723 1215 περὶ
740 1129 801 1197 τὸν
817 1144 927 1215 σῖτον,
950 1132 1006 1199 καὶ
1023 1151 1130 1200 συκο-

175 1231 308 1316 φύντην
324 1227 397 1298 ἀντὶ
419 1228 596 1316 χρημάτων
612 1228 802 1312 αἰτιώμενοι
825 1236 946 1295 τοῦτον
969 1225 1048 1314 ἡμῖν
1070 1256 1125 1297 κε-

174 1329 354 1415 κομικέναι.
376 1331 413 1396 ἐκ
425 1328 564 1412 τούτων,
578 1325 657 1394 ούόἐ
668 1328 768 1407 φύσει
777 1325 917 1414 χρηστὸς
929 1323 978 1394 οόν
987 1325 1129 1411 ἅνθρω-

174 1453 236 1506 πος
253 1425 422 1513 δηλονότι,
445 1429 498 1494 ἐπὶ
516 1423 655 1503 τούτους
678 1423 863 1511 ἀποκλίνει,
886 1426 941 1492 καί
963 1440 1158 1512 συγχωρεῖ.

174 1525 236 1612 τήν
258 1530 355 1610 δίκην
377 1530 500 1609 ἔρημον
522 1520 650 1609 ὀφλεῖν,
673 1520 716 1608 ἣν
737 1515 836 1602 οὗτος
857 1520 950 1612 αύτῷ
971 1526 1128 1610 λαγχάνει

132 1643 166 1698 27
175 1624 265 1707 τότε,
292 1621 345 1690 ὅτε
367 1622 460 1689 ούπω
478 1617 567 1689 ταῦτ’
586 1619 763 1706 ἐφρόνουν.
797 1628 829 1689 εί
848 1620 994 1708 μὲνγὰρ
1015 1620 1126 1710 ἀφῆκε

174 1719 235 1789 τόν
245 1729 403 1805 Πρῶτον,
426 1714 625 1806 ἐξελήλεγκτ’
642 1715 687 1786 νίν
704 1718 831 1798 εὐθέως
847 1718 933 1806 ἡμᾶς
949 1739 1126 1805 συκοφαν-

174 1828 257 1886 τῶν·
282 1817 399 1903 ὀφλεῖν
413 1819 448 1885 δὲ
460 1817 577 1902 παρὼν
594 1821 719 1897 ἐκεῖνος
735 1817 777 1887 ού
792 1820 988 1907 συνεχώρει,
1011 1818 1052 1888 ἵν’
1065 1822 1126 1890 ἐὰν

174 1921 235 2002 μὲν
251 1913 343 2003 αὐτῷ
360 1913 540 1981 ποιοῖσινόί
568 1912 835 2001 ὡμολογήκασιν·
869 1925 899 1987 εί
919 1919 955 1986 δὲ
976 1916 1039 2005 μή,
1062 1917 1127 2007 τήν

175 2021 299 2101 ἔρημον
316 2009 482 2100 ἄντιλύχη.
518 2010 602 2081 ἄλλα
621 2020 655 2080 τί
668 2022 787 2095 ταύτα;
814 2022 845 2084 εί
864 2015 925 2101 μὲν
946 2014 1012 2102 γὰρ
1028 2013 1051 2083 ὀί
1068 2021 1128 2102 γέ-

173 2137 304 2200 γραφεν
320 2103 418 2188 οὗτος
436 2116 482 2189 είς
497 2107 535 2178 τό
555 2116 701 2198 ἔγκλημα
718 2115 838 2200 ἐποίει,
865 2112 928 2182 ούκ
946 2111 1065 2200 ὀφλεῖν
1081 2113 1126 2186 ἄν

175 2216 271 2297 δίκην
290 2215 437 2295 δικαίως,
455 2207 523 2277 ἄλλ’
540 2208 727 2278 ἀποθανεῖν
744 2209 762 2279 ὁ
780 2220 918 2296 Πρῶτος
935 2217 1045 2299 ἔμοιγε
1065 2220 1126 2283 δο-

172 2324 233 2377 κεῖ.
276 2313 306 2376 εί
324 2305 389 2392 γὰρ
411 2312 449 2377 ἐν
472 2324 585 2388 κακοῖς
614 2313 669 2378 καὶ
688 2318 824 2397 χειμῶνι
844 2320 1007 2380 τοσοῦτον
1028 2312 1126 2384 οἶνον

173 2412 284 2475 ἔπινεν
299 2405 380 2474 ὥσθ’
393 2406 511 2492 ὅμοιον
523 2407 608 2475 εἶναι
620 2417 722 2498 μανίᾳ
728 2459 738 2493 ,
755 2416 790 2476 τί
804 2407 866 2476 οὐκ
877 2408 967 2489 ὀίξιός
978 2413 1046 2478 ἐστι
1056 2436 1125 2481 πα-

127 2513 264 2582 ῖθθεῖν;
295 2502 318 2589 ή
340 2511 370 2574 εί
388 2504 550 2591 γράμματ’
569 2501 768 2593 ἔκλεπτενή
794 2503 1003 2596 ὑπανέῳγενς
1037 2508 1124 2578 ἄλλοί

169 2602 352 2687 ταῦταμὲν
373 2601 467 2671 αὐτοὶ
486 2601 569 2690 πρὸς
585 2602 723 2684 ἑαυτούς
744 2603 837 2690 ὑμεῖς
858 2604 948 2685 ὅπως
968 2605 1044 2674 ποτ’
1056 2612 1123 2695 ἔχει

170 2704 407 2785 διακρινεῖσθε·
430 2710 472 2788 τῇ
489 2701 522 2769 δ’
534 2706 597 2789 ἐμή
615 2708 690 2790 δίκη
706 2703 809 2790 μηδὲν
826 2707 951 2791 ἐκείνης
963 2704 1121 2791 πρόσαγε.
1132 2732 1175 2789 ςρ(

171 2806 204 2864 εί
216 2803 250 2864 τί
265 2815 302 2863 σε
316 2794 474 2883 ήόίκηκεν
493 2796 661 2884 ὁΠροΞτος
678 2797 701 2885 ή
718 2805 825 2887 λέγων
841 2799 864 2889 ή
880 2811 1004 2889 ποιῶν,
1026 2809 1120 2891 ἔχεις,

170 2893 215 2975 ύς
233 2902 334 2983 ἔοικε,
358 2900 469 2983 δίκην·
505 2897 614 2976 οὐδεὶς
632 2896 730 2986 ήμῶν
746 2901 931 2988 ἐκώλυσεν,
954 2900 1034 2970 οὐδὲ
1053 2911 1121 2972 νῦν

170 3009 379 3082 παραιτεῖται.
403 3001 435 3064 εί
442 2998 752 3084 σεσυκοφάντηκας,
766 2997 808 3067 ού
824 3000 1117 3087 περιεργαζόμεθα.

126 3091 211 3181 ww}
222 3101 305 3179 Δία,
325 3092 392 3162 ἀλλ’
405 3095 557 3163 ἐκποδούν
572 3098 663 3165 ἐστιν
679 3097 870 3182 ἅνθρωπος.
898 3101 954 3168 dui
971 3127 1010 3185 γε
1021 3098 1118 3187 ὑμᾶς,

168 3197 224 3260 ἵνα
244 3193 303 3272 τοῖς
321 3219 357 3260 τε
378 3202 559 3280 μαρτυρίας
580 3192 638 3274 τοὶς
665 3193 823 3281 ἡμετέρας
848 3204 943 3286 λίπη,
970 3200 1026 3269 καλ
1051 3206 1119 3266 νῦν

168 3289 262 3376 ὑμεῖς
273 3290 295 3358 ὅ
304 3317 335 3358 τι
352 3287 395 3359 ἄν
411 3294 584 3378 βούλησθε
600 3294 714 3378 λέγητε
725 3293 798 3361 κατ’
812 3292 927 3362 αὐτοῦ.
959 3302 990 3363 εί
996 3295 1062 3381 γὰρ
1072 3296 1118 3383 μή

163 3384 207 3452 δι’
218 3385 317 3472 ὑμῶν
328 3395 449 3477 ἔρημος
459 3388 637 3474 ἐγίγνετοὴ
656 3395 746 3478 δίκη,
760 3391 828 3477 ἅμα
840 3388 883 3459 νίν
894 3391 999 3462 αὐτὸν
1011 3416 1120 3477 προσ-
