2370 3854
162 210 225 274 270
368 212 464 269 XXIV.
493 206 912 268 ΔΗΜΟΣΘΕΝΟΤΣ

161 380 237 450 τίως
247 380 391 438 τιθεῖσιν
401 371 539 445 ἐκείνοις
550 365 689 453 ὀργίλως
701 371 835 452 ἔχοντας
852 368 907 434 καὶ
918 365 1120 447 κολάζοντας

162 477 350 556 φαίνεσθαι.
375 468 449 536 οἰδα
460 466 496 534 δὲ
510 466 730 552 Τιμοκράτην,
739 464 790 532 ὅτι
800 464 861 532 τδν
868 465 975 552 νόμον
985 466 1119 553 είσενή·

159 595 236 655 νοχε
247 577 369 637 τοῦτον
380 566 441 653 οὐχ
452 564 562 652 ἥκισθ’
574 562 661 648 ὑπὲρ
680 562 803 631 αὑτοῦ·
829 561 936 632 πολλὰ
947 562 1012 650 γάρ
1023 561 1120 650 ἡγεί-

159 692 195 734 το
207 666 442 736 πολιτεύεσθαι
453 662 525 748 παρ’
540 661 620 749 ὑμῖν
632 662 708 742 άξια
719 666 852 748 δεσμοῦ.

100 788 151 841 m
244 765 414 850 Βούλομαι
432 769 549 830 τοίνυν
570 759 650 847 ὑμίν
671 759 805 829 κάκείνο
831 761 1072 849 διηγήσασθαι,
1096 761 1118 830 ὅ

163 870 249 950 φασί
261 861 336 929 τοτ’
354 868 458 929 είκεσν
474 860 618 928 Σόλωνα
635 869 885 945 κατηγοροῦντα
902 862 1008 947 νόμον
1024 862 1117 940 τινὰς

164 960 226 1027 οὐκ
248 959 433 1044 ἐπιτήδειον
453 961 581 1035 θέντος.
621 960 749 1043 λέγεται
770 957 835 1044 γάρ
857 973 925 1037 τοῖς
947 962 1117 1038 δικασταῖς

165 1055 269 1125 αὐτὸν
287 1063 408 1143 εἰπεῖν,
431 1055 543 1144 ἐπειδὴ
560 1054 663 1123 τάλλα
680 1057 922 1143 κατηγόρησεν,
945 1056 998 1125 ὅτι
1012 1056 1117 1143 νόμος

164 1158 253 1224 ἐστίν
264 1152 408 1236 δικάσαις
419 1155 464 1235 άς
475 1162 554 1235 ἔτος
564 1160 671 1224 εἰπεῖν
680 1170 750 1234 ταῖς
760 1154 913 1243 πόλεσιν,
935 1156 996 1225 ἐάν
1012 1183 1060 1236 τις
1075 1154 1115 1223 τδ

163 1257 308 1341 νόμισμα
319 1259 516 1344 διαφθείρη,
538 1254 691 1323 θάνατον
702 1252 764 1342 τὴν
780 1260 897 1342 ζημίαν
908 1253 1001 1323 εἰναι.
1039 1257 1117 1322 ἐττε-

164 1354 314 1442 ρωτησας
330 1355 366 1424 δὲ
384 1362 414 1424 εἰ
430 1360 557 1434 δίκαιος
574 1351 687 1432 αὐτοῖς
703 1355 758 1422 καὶ
768 1360 878 1433 καλῶς
887 1358 971 1439 ἔχων
983 1351 1001 1421 ὁ
1013 1352 1117 1437 νόμος

102 1475 154 1528 213
163 1463 332 1541 φαίνεται,
347 1453 456 1539 ἐπειδὴ
470 1461 575 1541 φῆσαι
585 1453 664 1532 τούς
676 1451 847 1539 δικαστάς,
872 1458 978 1520 εἰπεῖν
988 1449 1040 1518 ὅτι
1053 1447 1116 1516 αά-
1126 1468 1177 1526 766

163 1553 219 1633 τὰς
228 1552 354 1639 ἡγεῖται
365 1550 529 1637 άργάριον
538 1551 601 1636 μὲν
610 1549 740 1637 νόμισμ’
754 1550 838 1619 είναι
844 1557 913 1617 τών
923 1555 1018 1617 ίδίων
1029 1570 1116 1616 σνν-

164 1649 382 1737 αλλαμμάτων
402 1652 502 1717 ἕνεκα
516 1663 585 1728 τοῖς
602 1650 747 1728 ἰδιώταις
769 1648 967 1735 εὑρημένον,
988 1645 1067 1723 τοὺς
1080 1650 1117 1714 δὲ

164 1747 288 1835 νόμους
297 1745 409 1835 ἡγοῖτο
419 1747 566 1834 νόμισμα
576 1755 634 1833 τῆς
643 1746 771 1825 πόλεως
782 1747 874 1816 εἶναι.
902 1740 1116 1829 δείνδὴτούς

165 1845 319 1924 δικαστάς
329 1852 440 1934 πολλῷ
451 1851 587 1929 μᾶλλον,
601 1855 635 1912 εἰ
639 1871 688 1923 τις
699 1843 787 1930 δτῆς
797 1840 923 1921 πόλεώς
939 1846 1007 1910 ἐστι
1017 1838 1117 1927 νόμι-

164 1964 241 2030 σμα,
251 1950 351 2010 τοῦτο
363 1947 550 2027 διαφθείρει
559 1944 615 2009 καὶ
625 1940 823 2027 παράσημον
833 1941 994 2025 εἰσφέρει,
1007 1954 1116 2025 μισεῖν

163 2045 218 2111 καί
240 2041 399 2125 κολάζειν,
420 2034 444 2125 ἦ
462 2049 496 2106 εί
511 2066 561 2118 τις
581 2042 686 2108 έκεῖνο
716 2040 736 2108 δ
761 2046 830 2107 τών
852 2042 994 2107 ἰδιωτῶν
1016 2042 1114 2107 ἐστίν.

101 2150 361 2227 214ιιροσθελναι
371 2140 408 2209 δὲ
417 2137 596 2225 τεκμήριον
605 2144 667 2206 τοῦ
676 2139 731 2206 καὶ
741 2135 941 2224 μειζονείναι
951 2133 1116 2222 τάδίκημα

163 2240 199 2308 τδ
211 2238 290 2319 τούς
301 2237 424 2325 νόμους
430 2243 641 2324 διαφθείρειν
650 2232 673 2323 ἦ
676 2234 714 2306 τὸ
722 2235 895 2324 ἀργύριον,
903 2235 955 2304 ὅτι
966 2234 1116 2325 άρμνρίφ

163 2339 223 2425 μὲν
236 2342 353 2407 πολλαὶ
367 2345 435 2405 των
454 2337 586 2406 πόλεων
599 2339 653 2405 καὶ
666 2344 820 2421 φανερῶς
832 2334 914 2422 πρὸς
924 2331 1049 2421 χαλκδν
1060 2337 1116 2403 καλ

163 2437 334 2521 μόλυβδον
340 2437 530 2524 κεκραμένῳ
542 2436 708 2521 χρώμεναι
720 2436 879 2516 σώζονται
889 2435 944 2502 καὶ
956 2429 1032 2500 οὐδ’
1044 2429 1116 2501 ὁτι-

164 2539 227 2600 οῦν
234 2530 323 2617 παρά
329 2539 427 2600 τοῦτο
435 2532 608 2618 πάσχουσι,
616 2534 732 2618 νόμοις
745 2530 1116 2620 δὲκονηροῖςχρώμενοι

164 2633 219 2698 καὶ
236 2632 493 2717 διαφθείρεσθαι
509 2631 587 2708 τοὺς
604 2629 703 2709 ὄντας
713 2633 832 2710 ἰωντες
844 2628 979 2710 οὐδένες
990 2626 1115 2698 τώποτ’

163 2727 347 2813 ἐσώθησαν.
381 2727 485 2814 ταύτῃ
505 2731 617 2813 μέντοι
640 2735 681 2816 τῇ
703 2736 883 2817 κατηγορία
908 2728 1117 2816 Τιμοκράτης
1135 2786 1140 2791 .

165 2829 277 2910 ἔνοχος
287 2826 473 2910 καθέστηκε
488 2827 582 2911 νυνί,
605 2828 661 2894 καὶ
678 2831 810 2905 δικαίως
822 2823 865 2894 άν
876 2825 932 2913 ὑφ’
945 2824 1043 2915 ὑμῶν
1052 2832 1116 2896 τοῦ

165 2921 391 3010 προσήκοντος
401 2922 494 3009 τύχοι
503 2924 690 3011 τιμήματος.

103 3043 154 3093 ειὸ
248 3023 321 3111 Χρη
339 3023 400 3109 μὲν
417 3014 482 3091 οὖν
499 3029 601 3091 πᾶσιν
617 3021 755 3110 ὀργίλως
771 3030 872 3113 ἔχειν,
896 3023 970 3093 ὅσοι
985 3027 1117 3093 τιθέασι

165 3122 291 3209 νόμους
302 3120 460 3210 αἰοχροδς
468 3127 523 3191 καί
534 3122 718 3211 τιονηροδς,
745 3123 886 3211 μάλιστα
898 3126 934 3194 δὲ
944 3123 1073 3203 τούτοις
1083 3128 1121 3192 οἳ

165 3222 243 3300 τούς
252 3221 427 3301 τοιούτους
437 3230 505 3289 τω“ν
515 3223 632 3304 νόμων
643 3228 888 3312 διαφθείρουσι,
912 3222 950 3292 δι’
965 3216 1014 3292 άν
1025 3227 1118 3291 ἔστιν

165 3314 321 3406 ἦμικράν
336 3316 517 3407 ἢμεγάλην
529 3320 614 3390 εἶναι
630 3321 692 3409 τὴν
707 3321 815 3391 πόλιν.
849 3325 910 3391 εἰσὶ
921 3320 950 3390 δ
962 3313 1117 3390 οὖτοιτί-

166 3441 235 3495 νες;
253 3420 330 3484 οἵτε
340 3417 420 3497 τοὺς
430 3416 628 3499 ἀδικοῦντας
638 3423 879 3508 τιμωρούμενοι
889 3424 945 3490 καί
962 3419 1035 3489 ὅσοι
1045 3434 1118 3501 τοις
