2370 3854
331 252 475 313 ΚΑΤΑ
503 253 746 315 ΜΕΙΔΙΟΤ.
976 257 1012 316 51

65 419 141 489 νίας·
167 409 276 479 ἔδει
241 441 298 524 γαρ
317 412 512 518 καταγνόντος
529 441 581 480 του
568 413 694 521 99909
713 413 901 519 δικαστήριρν
909 426 1018 528 κρῖναρ

66 496 208 581 δεύτερον.
243 502 321 562 ἔστιν
331 493 414 562 0696
429 493 511 581 άγοὶν
521 496 614 603 περὶ
599 497 818 602 υποτιμήσεως·
837 495 872 564 οὐ
882 496 939 609 γάρ
951 503 1017 586 περὶ

64 607 116 682 909
104 584 225 663 μηδὲν
241 578 356 684 άδικεῖν
372 578 529 686 ὁΜειδίορς
538 579 725 685 άγαινίζετριι,
748 578 823 647 άλλδι
834 586 900 667 περὶ
910 592 963 648 τοῦ
973 611 1016 648 τι-

65 661 211 775 9999903,
234 663 357 769 πόιερορ
373 661 516 749 τὶβρεοος“
496 694 515 748 η
528 660 626 748 άσεβεί
626 693 660 742 ας
671 661 824 776 ‹399999
792 671 824 731 δί
822 694 886 773 999.
919 664 1017 815 ὀρικδς

67 745 147 854 ορὶνο
136 746 291 856 ’λόγρς
255 775 291 832 τη
302 747 413 851 στάσει,
431 774 483 812 του
471 751 548 831 μὲν
559 754 690 815 Μειδίου
701 752 833 855 λέγοντος
843 749 970 855 ὶὶβρινῖ
942 779 955 815 ε
968 779 1018 815 ναι

66 861 98 898 το
88 831 253 942 πρρχθλν,
259 828 365 935 ἐπειδὴ
376 830 550 936 τετόιιιηηεν
561 831 657 938 άνδρρι
669 834 834 939 ἐλεύθερον,
846 861 898 899 του
885 838 943 900 δὲ
954 846 1016 916 Λη-

67 919 232 1000 μοσθένους
249 910 401 1027 6699969‚
423 912 523 1019 699969
540 913 673 1024 χορηγὸς
680 915 930 1023 ὃτετρπτημίνος
925 920 1019 983 καὶέν

68 1004 237 1112 Διονυσίοις
247 1027 298 1063 και
289 1002 341 1063 ἐν
359 1026 399 1087 τρο
387 997 548 1110 696999·
573 998 673 1064 διδι
639 1028 696 1086 γαρ
712 1000 824 1068 ιοόιιον
840 1005 891 1066 καὶ
912 999 1017 1107 96699-

68 1089 151 1150 κε’ναι
166 1079 218 1147 τδν
227 1087 361 1185 Μειδίαν
376 1065 480 1165 φησίν·
504 1087 542 1158 οὶς
559 1082 634 1187 ελγαι
648 1083 799 1150 διπλοῦν”
781 1113 853 1190 9909
863 1113 938 1150 κατα
928 1083 1017 1150 σόλ-

65 1179 165 1273 ληψιρ.
189 1193 263 1232 κατα
252 1164 424 1271 σύλληψιν
435 1169 492 1231 δέὲ
492 1187 570 1248 στιν,
583 1165 654 1233 όταν
664 1197 716 1278 99
693 1164 748 1232 ἐκ
731 1165 942 1274 9966699999
914 1196 947 1234 το
958 1165 1017 1234 ὑπὸ

64 1262 123 1318 τῶν
141 1233 300 1316 άνιιδίκων
316 1248 536 1356 εἰσαγόμερον”
519 1277 613 1333 ονομα
630 1255 680 1316 καὶ
698 1255 798 1358 ἕτερον
808 1249 888 1340 αὐτῷ
899 1273 1017 1362 πρρστι-

64 1345 181 1440 θῶμεν,
200 1332 294 1419 δὶσπερ
306 1330 467 1399 ἐνταῦθα
454 1361 469 1398 ο
483 1337 692 1442 A990696v9g,
715 1362 766 1400 του
753 1319 908 1401 Μειδίου
920 1340 1017 1419 λέγον-

64 1446 112 1496 τος
122 1413 331 1525 τὶβρικέναι,
298 1443 354 1481 ουκ
366 1414 539 1499 ἐκβάλλει
508 1442 562 1498 μεν
573 1413 682 1481 0666
651 1443 706 1500 την
716 1415 821 1502 υβριν,
843 1425 1019 1505 προστίθησι

66 1500 146 1567 δὲ
109 1528 184 1586 αυιη
171 1496 287 1564 καὶ
256 1527 311 1583 την
321 1495 465 1583 οὶσέβειοιν.

464 1637 624 1695 ΑΛΛΩΣ.
1029 1636 1082 1689 510
1144 1684 1148 1693 .

8 1822 11 1826 ,
152 1746 302 1851 Διαφοροι
312 1772 373 1851 παρ
377 1742 606 1835 Αθηναιους
586 1773 701 1849 ηγοντο
705 1747 815 1854 ἕορταὶ,
838 1746 869 1806 ἐν
880 1735 956 1820 αἷς
936 1772 974 1827 ην
985 1771 1020 1810 τα

68 1830 288 1941 Παναθήναια,
311 1829 473 1938 άπερήσαν
485 1838 587 1911 διπλοῖ,
611 1828 702 1914 μικρά
713 1855 742 1894 τε
753 1830 802 1892 καὶ
821 1826 946 1931 μεγάλα·
970 1830 1021 1892 καὶ

68 1914 104 1981 τοὶ
120 1918 173 1999 μὲν
189 1914 300 2022 μεγάλα
313 1943 388 2018 κριτα
399 1920 607 2022 πενταετηρίδα
618 1917 813 2018 ἐπετελοῦντο,
826 1907 899 2012 κριοὶ
910 1937 1019 1994 τριετη-

71 2005 137 2084 ρίδα
153 1999 232 2063 δὲ
200 2025 236 2063 ια
254 1998 353 2102 μικρά.
388 2002 419 2063 ἐν
435 2009 495 2075 τοῖς
512 1997 648 2103 μεγάλοις
665 2000 697 2063 δὲ
713 1992 863 2080 γυμνάσιά
880 2023 946 2059 τινα
961 1999 1020 2106 996-

69 2109 171 2164 νοντο,
194 2110 245 2146 και
236 2078 494 2186 προτὶβάλλετο’
476 2109 531 2182 αφ
524 2077 668 2186 ’ἑκάστης
680 2088 774 2182 φυλης
789 2079 829 2155 εἷς
815 2085 1020 2162 ςγομνασίαρ-

70 2195 127 2250 χος,
140 2165 299 2270 λαμβάνων
310 2165 442 2274 χρήματα
453 2161 531 2241 είς
503 2192 536 2230 το
546 2164 703 2270 γυμνάζειν
714 2160 782 2238 τοδς
793 2165 948 2262 μέλλοντας
960 2167 1020 2226 ἐπι-

70 2254 181 2315 ιελεσαι
198 2246 254 2331 τὴν
266 2245 370 2356 609999
380 2276 431 2312 και
422 2245 602 2350 διδόναι
570 2275 621 2349 ιρις
632 2245 744 2311 τούτων
756 2243 853 2308 δαπάν
849 2273 889 2318 ας
900 2255 960 2319 τοῖς
971 2253 1022 2325 τῆς

71 2329 161 2398 αόιου
149 2340 283 2412 φυλῆς.
316 2331 401 2433 ι’ὶγετο
419 2333 451 2394 δὲ
466 2326 540 2412 παρ’
560 2326 658 2393 αὐτῶν
676 2325 957 2436 κρὶιδιΔιονόσια,
971 2329 1022 2390 καὶ

71 2424 162 2522 96699
174 2420 278 2490 διπλᾶ,
301 2410 407 2514 μικρά
404 2439 434 2476 τε
445 2440 495 2476 και
487 2409 625 2517 μεγάλα.
660 2414 710 2476 καὶ
720 2408 756 2475 τά
767 2412 820 2494 μὲν
829 2406 921 2493 μικροὶ
937 2409 1022 2494 ἤγετο

72 2525 126 2564 κατ
131 2495 230 2601 ’6993⁹
245 2491 324 2561 ταδὶ
334 2493 465 2600 μεγάλα
456 2492 507 2560 διά
517 2499 693 2600 τριετηρίδος
704 2498 736 2559 ἐν
745 2503 805 2596 τρῖς
817 2503 925 2598 ληνοῖς,
938 2497 969 2559 ἐν
979 2492 1022 2570 οἷς

71 2576 269 2687 πρρόβάλλειο
280 2577 403 2690 χορηγὸς
414 2574 465 2660 ἀφ’
479 2577 600 2682 ἑκάστης
611 2587 706 2660 φυλῆς
717 2573 790 2684 πρὸς
801 2573 833 2643 τὸ
844 2580 962 2663 τρέφειν
974 2604 1021 2680 χρ

73 2663 141 2771 ρρτὶς
151 2669 266 2729 παίδων
277 2690 306 2728 τε
317 2691 367 2728 και
358 2660 510 2745 ἀνδρῶν·
523 2660 667 2773 ἐλάμβαρε
678 2665 709 2728 δὲ
708 2687 850 2772 χρηματα
858 2666 898 2738 είς
906 2657 1021 2768 990999

72 2758 131 2814 τῶν
152 2757 204 2814 τοῦ
226 2755 323 2831 χοροῦ
347 2749 505 2857 ἐπιστάσης
524 2748 602 2811 δε
566 2774 617 2828 της
626 2750 737 2851 ἑορτῆς
757 2745 934 2850 ηγωρίζονιρ
950 2743 1023 2829 πρός

73 2830 215 2937 ἀλλήλους
236 2836 266 2895 οί
274 2832 435 2941 χορηγοὶ
417 2833 467 2896 καὶ
485 2828 635 2914 ἤριζον,
622 2829 734 2934 όρνρυς
752 2825 833 2934 είς
806 2856 857 2894 τον
874 2827 1023 2931 Διόνυσρν

76 2916 211 3018 690999g‚
234 2917 284 2978 καὶ
302 2922 344 3001 τῷ
361 2922 479 2979 νικῶντι
498 2909 660 3024 ιρίπρυς
633 2940 664 2978 το
677 2904 804 2981 αθλον
777 2942 837 3020 ην,
861 2908 999 2994 ἐπειδὴ
971 2939 1023 3021 ιογ

74 2996 165 3064 αὐτὸν
167 2997 273 3062 Ἠλιον
290 3025 340 3062 και
331 2993 517 3100 Ἀπόλλωνρι
532 3025 583 3061 και
573 2995 777 3062 Διόνυσον’
761 2996 861 3086 ρίοντο
894 2998 1022 3078 παυομέ-

74 3113 127 3188 νης
139 3085 215 3147 δὲ
180 3110 231 3164 της
232 3085 342 3190 ἕοριης
353 3085 436 3146 ἐν
394 3108 434 3168 τρι
446 3106 552 3192 πρωρῳ
562 3064 867 3185 9996990996660990
869 3081 1024 3183 οίχορηγρὶ

73 3177 124 3250 τῆς
135 3164 318 3276 μελλρόσης
304 3174 410 3275 εορτῆς.
416 3146 465 3229 ἕν
475 3171 576 3230 τοίνυν
585 3174 626 3228 τοὶ
637 3163 761 3248 παρόντι
773 3189 866 3270 κριιριο
855 3161 1023 3271 προεβλή-

73 3262 175 3332 θησαν
186 3255 216 3314 οὶ
224 3251 342 3357 χορηγοὶ
354 3247 475 3352 ἑκάστης
487 3256 591 3331 φυλῆς,
604 3230 737 3356 δσριάνιζε
748 3246 805 3312 δὲ’
790 3276 814 3348 η
820 3228 1020 3358 Πανδιονὶς,
1004 3276 1023 3330 η

74 3362 126 3398 του
113 3335 346 3435 Δημοσθενους
356 3327 587 3438 φυλη,χοοηγου,
596 3358 645 3395 και
657 3324 1024 3440 9966969969999096999

74 3446 106 3482 το
94 3412 294 3503 δευτερον,
267 3421 410 3501 τοτριιον
423 3419 493 3494 εθος
502 3408 561 3482 δε
541 3441 742 3499 ηνιιρομηνος
750 3418 964 3536 ιηςεορρηςτον
972 3441 1023 3497 αρ
