2370 3854
214 244 340 306 ΠΡΟΣ
350 242 564 306 BomToN
573 242 684 305 ΠΕΡΙ
693 243 845 307 ΠΡΟΙΚ.
864 245 973 307 ΜΗΤ.
1009 246 1073 311 487

117 407 198 485 τους
213 403 336 483 ἀλλους
357 399 402 490 μὴ
422 405 560 481 ἐπιεικές
583 405 651 473 ἐστι
666 420 737 485 ταῖς
758 411 895 487 διαίταις
910 411 1075 494 ἰσχυρίζε-

118 513 216 594 σθαι,
234 500 317 587 πρός
334 526 373 587 γε
389 508 513 570 τοῦτον
528 499 690 573 ἀπάντων
706 505 916 575 δικαιότατον
926 499 971 594 ἦν
982 505 1071 575 οὕτω

71 624 105 677 41
117 606 378 694 προσφέρεσθαι.
401 605 483 688 φέρε
493 599 575 689 γάρ,
591 612 625 672 εί
632 630 681 683 τις
692 603 798 674 αὐτόν
809 609 916 686 ξενίας
926 605 1071 693 γράψαι-

116 731 153 774 το
173 706 281 790 λέγων
301 700 347 782 ἀς
366 701 589 790 διομνύμενος
611 700 629 772 ὁ
652 703 761 792 πατὴρ
779 703 842 774 οὐκ
864 709 927 791 ἔφη
948 710 1070 773 τοῦτον

115 802 193 873 υίόν
211 799 318 872 αὑτοῦ
336 800 438 888 εἶναι,
460 800 531 872 ἔσθ’
544 801 610 892 ὅτῳ
621 798 665 872 ἀν
676 801 766 894 ἀλλςο
778 810 974 890 ἰσχυρίζοιτο
985 802 1069 890 πρὸς

114 894 250 987 ταῦταῆ
261 899 346 969 διότι
355 907 413 987 τῆς
425 897 548 988 μητρός
565 898 678 970 αάτάν
688 899 857 990 ὀμοσάσης
875 904 930 972 καὶ
944 910 1007 971 τοῦ
1017 907 1069 971 δι-

114 1007 251 1088 αιτητοῦ
266 999 493 1085 καταγνόντος
508 997 710 1089 ἠναγκάσθη
730 999 748 1070 ὁ
770 999 877 1089 πατηρ
898 998 994 1089 ἡμῶν
1009 1004 1068 1088 ίμ-

69 1123 103 1178 42
113 1114 222 1186 μεῖναι
235 1107 277 1190 τῇ
292 1103 417 1189 διαίτης
441 1096 570 1167 οάκοῦν
586 1099 701 1169 δεινόν
718 1107 749 1171 εί
763 1093 862 1180 οὗτος
872 1098 973 1180 αὐτὸς
984 1097 1066 1169 κατά

111 1207 239 1285 γνῶσιν
261 1205 432 1286 διαιτητοῦ
445 1195 603 1284 ὑμέτερος
624 1205 759 1287 πολίτης
773 1202 992 1287 γεγενημένος
1011 1200 1066 1266 καί

110 1296 195 1381 πρὸς
215 1298 272 1384 ἐμὲ
292 1294 355 1385 την
373 1294 493 1364 οάσίαν
509 1295 707 1383 νειμάμενος
725 1299 780 1366 καί
797 1293 908 1383 τυχάν
923 1304 992 1365 τῶν
1005 1306 1126 1382 pte-102

110 1402 212 1480 τρίων
221 1395 398 1479 ἀπάντων,
420 1391 460 1475 ἀς
475 1393 539 1481 ἐγώ
554 1399 648 1474 δίκας
658 1403 782 1465 τοῦτον
790 1395 966 1483 ἀπέφυγον
977 1419 1065 1482 παρ-

111 1495 192 1563 όντα
210 1496 264 1564 καὶ
281 1492 516 1564 ἀντιδικοῦντα
530 1495 667 1574 καὶτοῖς
680 1504 885 1580 γνωσθεῖσιν
902 1494 1066 1579 ἐμμένον-

109 1620 160 1682 τα,
172 1595 294 1676 ταύτας
310 1591 491 1673 ἀναδίκους
508 1589 612 1673 ἀξιῶν
627 1600 803 1679 γίγνεσθαι
817 1591 947 1659 δίκαιόν
965 1618 996 1658 τι
1007 1596 1066 1659 δο·

108 1699 184 1779 κοίη
203 1694 313 1778 λέγειν
329 1688 428 1778 ὑμῖν,
452 1690 582 1779 ὅσπερ,
600 1690 683 1761 ὅταν
699 1693 761 1778 μὲν
777 1692 885 1781 τούτῳ
900 1693 1064 1778 συμφέρη,

110 1796 189 1862 δέου
207 1798 324 1876 κυρίας
342 1790 428 1861 εἶναι
443 1788 503 1870 τάς
520 1795 662 1880 διαίτας,
684 1789 767 1860 ὅταν
785 1791 821 1860 δὲ
837 1788 882 1877 μὴ
896 1791 1062 1877 συμφέρῃ,

108 1898 281 1978 προσηκον
295 1890 358 1979 τὴν
379 1890 502 1961 τούτου
519 1891 659 1979 γνάμην
680 1894 886 1979 κυριωτέραν
905 1893 1063 1976 γενέσθαι

65 1996 178 2066 43τεόυ
196 1987 281 2060 κατά
303 1989 383 2071 τούς
403 1987 584 2079 ὑμετέρους
607 1991 733 2080 νόμους
754 1993 989 2079 γνωσθέντων.
1026 1985 1063 2067 ὃς

108 2089 215 2168 οὕτως
232 2089 407 2178 ἐπίβουλός
423 2093 515 2159 ἐστιν
535 2089 620 2159 ὥστε
638 2093 693 2160 καὶ
709 2088 773 2176 τὴν
790 2096 920 2159 δίαιταν
937 2089 1062 2176 ταύτην

107 2188 293 2271 ἐπιτρέπειν
311 2213 352 2273 με
369 2184 589 2269 προύκαλεῖτο
606 2186 669 2273 οὐχ
685 2186 776 2266 ὅπως
790 2185 965 2275 ἀπαλλαγῇ
976 2187 1061 2272 πρός

107 2312 163 2372 με,
186 2281 253 2353 ἀλλ’
266 2283 319 2370 ἵν’,
337 2282 449 2370 ὥσπερ
462 2286 517 2353 καί
537 2285 703 2369 πρότερον
720 2287 839 2354 ἕνδεκα
856 2291 911 2371 ἔτη
927 2285 1061 2371 διήγαγε

106 2387 318 2467 κακουργῶν,
330 2379 418 2449 οὕτω
431 2383 486 2449 καὶ
500 2388 567 2450 νῦν
578 2381 619 2450 τά
630 2380 910 2468 ἀποδιαιτηθέντα
921 2408 988 2469 μου
999 2382 1062 2451 λά-

107 2503 166 2561 σας
184 2484 217 2560 ἐξ
234 2477 337 2565 ἀρχῆς
353 2505 394 2565 με
406 2488 604 2570 συκοφαντῇ
616 2484 672 2550 καί
683 2479 746 2566 τὴν
757 2485 854 2568 δίκην
867 2483 993 2569 ταύτην
1003 2485 1061 2549 έκ-

61 2605 95 2658 44
106 2578 221 2667 κροάη.
253 2579 434 2665 τεκμήριον
448 2583 484 2646 δὲ
499 2577 622 2648 τούτου
641 2583 811 2666 μέγιστον·
834 2577 987 2667 οὔτεγὰρ
998 2577 1060 2664 τὴν

105 2676 291 2765 πρόκλησινΙ
304 2679 448 2764 ἐδέχετο,
470 2674 514 2765 ἢν
528 2678 593 2764 ἐγώ
609 2676 692 2747 κατά
708 2676 788 2756 τούς
805 2678 932 2764 νόμους
951 2676 1059 2763 πρού-

106 2776 278 2864 καλούμην
305 2772 429 2867 αάτόν,
451 2779 619 2866 πρότερόν
641 2804 676 2844 τε
697 2783 870 2868 Ξενίππῳ,
894 2773 934 2845 ὃν
961 2767 1059 2855 οὗτος

106 2876 313 2960 προύβάλετο
338 2876 525 2966 διαιτητὴν,
556 2878 790 2961 ἐπιτρέψαντος
816 2901 882 2964 μου
906 2876 1059 2961 περὶτῆς

105 2981 167 3042 τοῦ
184 2970 348 3062 ὀνόματος
368 2980 462 3063 δίκης
484 2976 716 3064 ἀπηγόρευσεν
740 2972 831 3064 αὐτῷ
853 2973 898 3061 μὴ
920 2978 1057 3042 διαιτάν.

106 3070 156 3142 ὅτι
166 3072 203 3143 δδ
217 3074 273 3142 καὶ
282 3071 377 3142 ταῦτ’
391 3072 504 3160 ἀληθῆ
513 3077 610 3159 λέγω,
622 3076 658 3140 ἐκ
669 3079 728 3157 τῆς
742 3076 922 3157 μαρτυρίας
933 3072 988 3139 καὶ
1001 3079 1060 3158 τῆς

104 3172 317 3261 προκλήσεως
329 3183 470 3242 εἴσεσθε.

306 3330 551 3396 MAPTYPIA.
574 3327 854 3391 ΠΡΟΚΛΗΣΙΣ.

65 3489 98 3542 45
187 3468 324 3557 Ταόκην
336 3466 453 3531 τοίνυν
464 3459 528 3552 τὴν
539 3457 730 3549 πρόκλησιν
743 3456 788 3533 οὗ
801 3455 1082 3542 δεξαμενοςᾲτλῖ.

1164 3654 1174 3715 ἑ
