2370 3854
292 243 434 304 ΚΑΤΑ
458 243 853 305 ΤΙΜΟΚΡΑΤΟῬΣ.
987 244 1050 306 229

54 423 89 475 59
181 403 255 492 Αὲγ’
266 405 370 472 ἄλλον
381 406 498 489 νόμον.

481 545 658 609 ΝΟΜΟΣ.

182 684 285 764 [Μηδὲ
295 678 387 763 νόμον
400 683 508 759 ἐξεῖναι
517 672 565 742 ἐπ’
581 672 668 761 ἀνδρὶ
678 687 795 761 θεῖναι,
813 676 867 745 ἐὰν
883 677 924 764 μη
934 677 986 747 τὸν
997 680 1050 749 αὖ·

139 760 191 829 τὸν
202 767 249 830 ἐπὶ
259 773 351 829 πᾶσιν
358 759 531 846 Ἀθηναίοις
541 765 634 848 τιθη]

185 897 258 967 Οὐκ
269 903 305 990 ἐᾷ
317 897 424 986 νόμον
435 897 503 966 ἀλλ’
515 892 609 982 ἦτον
627 893 734 964 αὐτὸν
744 902 877 968 τιθέναι
887 902 971 969 κατὰ
982 911 1050 970 τῶν

98 1005 243 1067 πολιτῶν
254 997 401 1084 πάντων,
415 1003 525 1075 καλῶς
535 997 591 1063 καὶ
603 999 785 1081 δημοτικῶς
796 1003 912 1084 λέγων.
940 999 1051 1086 ῶσπερ

97 1099 160 1181 γὰρ
172 1104 231 1181 τῆς
242 1095 345 1182 ίίλλης
356 1103 522 1174 πολιτείας
539 1105 614 1162 ίσον
629 1096 779 1178 μέτεστιν
796 1096 938 1187 ἑκάστῳ,
961 1098 1050 1167 οὕτω

96 1196 299 1263 καὶτούτων
316 1206 392 1264 ίσον
407 1199 554 1279 μετέχειν
569 1194 709 1258 ἕκαστον
726 1190 818 1272 ἄξιοί.
858 1192 897 1261 δι’
916 1193 975 1275 οὓς
991 1202 1051 1282 μὲν

97 1301 213 1361 τοίνυν
231 1286 330 1371 οὗτος
351 1296 499 1378 εἰσέφερε
521 1291 582 1374 την
600 1289 716 1373 νόμον,
738 1288 832 1377 ὑμεῖς
853 1289 953 1360 οὐδὲν
970 1297 1052 1379 ἐμοῦ

97 1407 209 1477 χεῖρον
218 1389 435 1475 χηνῶσκετε·
463 1387 547 1456 ίίνευ
562 1389 598 1456 δὲ
608 1388 738 1456 τούτων
748 1386 849 1468 αὐτὸς
860 1388 1052 1477 ὡμολόγησε

98 1490 142 1574 μη
154 1493 207 1556 ἐπὶ
218 1496 300 1557 πᾶσι
310 1487 371 1556 τὸν
382 1486 487 1556 αι’πὸν
497 1491 699 1570 τεθεικέναι,
718 1487 808 1573 πλην
826 1491 903 1572 περὶ
919 1499 988 1557 τῶν
997 1516 1052 1558 τε-

97 1594 217 1654 λωνῶν
227 1591 366 1655 καὶτῶν
383 1589 623 1672 μισθουμένων
636 1588 692 1654 καί
708 1594 776 1654 τῶν
791 1587 921 1655 τούτων
931 1591 1052 1676 ἐγγυη-

96 1693 165 1753 τῶν
175 1693 321 1772 χρῆσθαι
332 1685 548 1772 προσγράψας
559 1693 605 1775 τῷ
616 1685 717 1774 νόμην.
741 1682 869 1753 οὐκοῦν
880 1684 976 1755 ὁπότ’
989 1695 1054 1756 είσί

97 1811 186 1864 τινες
197 1782 256 1864 οὓς
267 1783 442 1873 οίφορίςεις,
456 1778 574 1852 οὐκῶν
585 1789 633 1850 ἔτι
644 1792 712 1869 είης
722 1787 775 1852 ἐπὶ
785 1793 866 1852 πᾶσι
876 1782 937 1853 τόν
947 1783 1052 1854 αὐτὸν

53 1885 265 1964 ρρτεθεικῶς.
299 1887 354 1952 καλ
366 1882 433 1971 μὴν
444 1881 521 1953 οὐδ’
533 1882 642 1952 ἐκεῖνό
653 1880 681 1966 χ’
694 1878 738 1950 ι’ίν
756 1892 878 1970 είποις,
897 1875 943 1962 ῶς
959 1882 1052 1963 ὅσοις

97 1987 221 2067 δεσμοῦ
243 1990 480 2070 προστιμᾶται,
501 1983 633 2049 τούτων
653 1981 793 2067 μάλιστα
812 1978 835 2067 η’
855 1980 896 2050 τολ
915 1988 1050 2067 μέγιστα

96 2079 270 2147 ἀδικοῦσιν
282 2085 316 2148 ολ
324 2087 473 2166 τελῶναι,
487 2079 571 2147 ῶστε
582 2080 699 2166 μόνοις
710 2077 824 2159 αὐτοῖς
834 2079 879 2165 μη
886 2085 1051 2166 μεταδοῦ-

95 2205 151 2245 ναι
161 2187 223 2245 τοῦ
233 2179 349 2264 νόμον.
378 2177 465 2245 πολὺ
474 2177 540 2262 γὰρ
551 2178 660 2262 δήπου
677 2185 805 2263 μᾶλλον
821 2181 856 2245 οί
870 2177 1051 2265 προδιδόν-

95 2303 148 2354 τες
159 2303 190 2343 τι
200 2285 270 2344 τῶν
280 2287 414 2360 κοινῶν,
427 2279 460 2343 οί
469 2273 548 2354 τούς
558 2279 677 2360 γονέας
687 2281 877 2358 κακοῦντες,
890 2279 925 2342 οί
932 2277 976 2361 μη
988 2301 1051 2342 κα-

95 2373 205 2458 θαρὰς
215 2373 274 2453 τοὶς
284 2390 394 2461 χεῖρας
404 2383 544 2462 ἔχοντες,
563 2371 722 2450 εἰσιόντες
733 2370 766 2438 δ’
778 2377 824 2450 είς
837 2369 900 2458 την
910 2369 1050 2459 ἀγορῶν,

97 2470 281 2540 ἀδικοῦσιν,
310 2469 359 2552 οἷς
371 2470 500 2540 Ιίίπασιν
516 2476 551 2541 οί
565 2472 627 2558 μὲν
643 2469 850 2558 ὑπάρχοντες
870 2471 971 2555 νόμοι
994 2476 1050 2538 θε-

98 2568 185 2655 σμὸν
195 2569 452 2658 προλέγονσιν,ὁ
465 2570 501 2639 σε
511 2570 570 2650 σὸς
579 2571 743 2639 λελύσθαι
753 2574 898 2638 δίδωσιν.
918 2567 1050 2638 ἀλλ’ἐν-

97 2676 208 2736 ταῦθα
220 2669 320 2738 πάλιν
330 2671 552 2758 καταμηνύεις
562 2667 646 2754 ὑπὲρ
659 2661 708 2739 ῶν
718 2673 854 2748 ἐτίθεις·
870 2666 925 2737 διὰ
935 2668 1000 2755 γὰρ
1010 2667 1048 2737 τὰ

98 2767 141 2852 μη
160 2768 408 2853 τελωνήσαντας
425 2767 572 2856 ὀφείλειν
590 2766 728 2852 αὐτοὺς,
750 2764 835 2836 ἀλλὰ
852 2771 1046 2852 κλέψαντας,

98 2872 226 2948 μᾶλλον
249 2864 281 2932 δ’
305 2864 518 2951 ἁρπάσαντας
538 2865 579 2934 τὰ
601 2867 767 2954 χρήματα,
795 2864 849 2934 διὰ
870 2865 963 2934 τοῦτ’
987 2865 1050 2933 οὐκ

99 2961 306 3049 ἐφρόντισας,
319 2962 420 3052 οἶμαι,
431 2975 499 3034 τῶν
509 2974 672 3034 τελωνῶν.
815 2994 831 3018 ·
1061 2958 1113 3046 χορ

55 3087 89 3138 61
182 3060 334 3142 Πολλοὺς
345 3062 377 3131 δ’
389 3063 433 3133 ίίν
444 3091 493 3142 τις
501 3069 568 3150 ἔχοι
578 3063 704 3148 νόμους
712 3069 760 3130 ἔτι
772 3066 827 3131 καί
838 3070 948 3140 καλῶς
958 3067 1052 3147 ἕχον-

98 3186 156 3237 τας
174 3161 362 3246 δεικνύναι,
385 3159 434 3240 οἷς
450 3171 552 3230 πᾶσιν
570 3165 719 3239 ἐναντίος
730 3162 819 3230 ἐστὶν
836 3157 877 3227 ὃν
888 3153 986 3239 οὗτος
998 3166 1051 3228 τὲ-

98 3268 222 3325 θεικεν.
250 3255 318 3326 ἀλλ’
332 3268 412 3336 ίσοις
429 3258 494 3345 ἐγῶ
507 3264 586 3347 μὲν,
604 3266 635 3329 εί
644 3261 718 3343 περὶ
730 3258 868 3326 πάντων
878 3263 960 3351 ἐρῶ,
971 3263 1051 3340 ἐξω-

101 3357 268 3443 σθήσομαι
286 3361 361 3444 περί
377 3365 439 3425 τοῦ
455 3357 532 3445 μηθ’
552 3358 738 3446 ἐπιτήδειον
761 3353 847 3435 ὅλως
866 3353 947 3442 ὑμῖν
967 3355 1051 3425 είναι

100 3453 161 3523 τὸν
176 3456 284 3542 νόμον
301 3462 422 3544 εἰπεῖν,
443 3454 526 3544 ὑμῖν
543 3456 573 3525 δ’
587 3455 710 3546 ὁμοίως
727 3461 846 3543 ἔνοχος
856 3460 1080 3542 φανεῖταιτοῖχ
