2370 3854
180 215 243 278 410
365 217 486 273 XXXIX.
524 213 942 274 ΛΗΜΟΣΘΕΝΟΤΣ

181 379 234 445 ἐπὶ
251 383 312 443 τού
329 374 491 462 ὀνόματος
504 373 627 441 τούτου
641 373 749 441 πάντα
766 371 826 442 τὸν
835 372 976 459 χρόνον,
997 374 1132 443 τουτονὶ

181 475 217 541 δὲ
226 471 375 542 Βοιωτὸν
385 479 431 553 είς
442 471 520 552 τούς
532 470 714 558 φράτερας,
725 469 813 559 ἡνίκ’
827 471 1042 561 ἠναγκάσθη,
1059 475 1134 542 ἐνί·

179 586 308 658 γράψεν
319 570 336 640 ὁ
348 571 466 659 πατήρ.
485 568 588 659 ἡδέως
598 577 713 639 τοίνυν
723 574 857 656 ἐροίμην
868 566 910 638 άυ
921 568 1133 639 αύτὸνέναν-

181 680 253 741 τίον
273 671 382 760 ὑμῶν’
406 680 436 741 εί
456 672 500 760 μὴ
522 672 732 758 ἐτελεύτησεν
754 668 771 738 ὁ
793 668 918 756 πατὴρ,
940 677 974 738 τί
992 671 1037 738 άν
1052 695 1132 738 ποτε

181 776 300 852 ἐποίεις
317 770 402 861 πρὸς
416 788 485 852 τοῖς
503 771 674 860 δημόταις;
697 769 759 839 ούκ
778 766 821 837 άν
832 779 900 848 είας
912 790 949 837 σε
960 768 1065 838 αύτόν
1077 773 1133 855 ἑγ-

180 873 323 957 γράφειν
338 874 503 952 Βοιωτόν;
525 868 598 940 ἀλλ’
615 869 740 938 άτοπον
757 875 853 956 δίκην
873 870 935 957 μὲν
957 869 1132 955 λαγχάνειν

180 972 332 1058 τούτου,
342 972 485 1040 κωλύειν
502 970 537 1038 δὲ
554 962 662 1037 πάλιν.
693 971 748 1037 καὶ
764 970 831 1055 μὴν
848 980 880 1038 εί
893 967 925 1054 γ’
939 979 1006 1048 είας
1016 965 1130 1054 αύτόν,

181 1071 362 1154 ἐνέγραψεν
375 1068 418 1137 άν
429 1091 466 1137 σε
478 1074 524 1148 είς
534 1066 612 1147 τούς
623 1069 781 1155 δημότας,
801 1068 883 1157 ὅπερ
897 1077 942 1148 είς
951 1066 1030 1148 τούς
1041 1070 1131 1154 φρά-

180 1196 285 1252 τερας,
318 1170 444 1239 ούκούυ
464 1167 591 1256 δεινὸν,
616 1161 643 1236 ύ
663 1175 705 1254 γῆ
724 1170 780 1237 καὶ
798 1171 889 1256 θεοὶ,
912 1169 1053 1254 φάσκειν
1070 1168 1185 1254 μὲυΙΗ

182 1273 309 1337 ἐκεῖνον
320 1267 424 1337 αὑτοῦ
436 1271 559 1352 πατέρα
570 1267 671 1354 εἶναι,
689 1277 816 1356 τολμᾶν
827 1269 859 1337 δ’
872 1268 980 1351 άκυρα
991 1283 1098 1337 ποιεῖν
1109 1265 1131 1334 ὁὶ

182 1369 305 1446 ἐκεῖνος
314 1372 431 1452 ἔπραξε
443 1374 516 1448 ζῶν.

140 1487 174 1539 22
263 1465 400 1552 Ἐτύλμα
415 1475 531 1535 τοίνυν
545 1465 627 1551 πρὸς
638 1475 686 1556 τῷ
697 1473 844 1556 διαιτητῇ
855 1477 989 1555 πρᾶγμα
1000 1469 1132 1536 άναιδέ-

182 1587 301 1632 στατου
322 1567 447 1650 λέγειν,
472 1562 514 1644 ὡς
536 1564 553 1634 ὁ
576 1565 682 1653 πατὴρ
698 1564 804 1634 αὑτοῦ
823 1568 963 1654 δεκάτην
979 1573 1132 1654 ἐποίησεν

181 1663 291 1746 ὥσπερ
304 1667 386 1749 ἐμοῦ
396 1666 451 1732 καὶ
460 1665 607 1752 τούνομα
618 1663 707 1734 τοῦτ’
720 1672 815 1736 ἔθετο
828 1665 927 1760 αύτῷ,
939 1671 994 1737 καὶ
1004 1669 1132 1755 μάρτυ-

180 1763 240 1845 ράς
260 1790 351 1842 τινας
373 1773 557 1851 παρείχετο,
578 1761 627 1846 οἷς
648 1769 772 1846 ἐκεῖνος
794 1764 1006 1835 ούδεποίποτε
1030 1765 1130 1853 ὤφθη

179 1862 355 1947 χρώμενος.
374 1862 474 1946 ἐγώδ
486 1862 607 1932 οὐδένα
617 1863 714 1951 ύμοίν
725 1864 860 1951 άγνοείυ
875 1865 965 1953 οἶμαι
988 1866 1039 1935 ὅτι
1055 1863 1128 1934 οὔτ’

180 1957 224 2027 άυ
242 1963 373 2046 ἐποίησε
391 1961 532 2048 δεκάτην
549 1961 657 2041 οὐδεὶς
673 1968 807 2031 παιδίου
817 1962 861 2049 μὴ
873 1969 1014 2050 νομιξων
1026 1961 1131 2032 αὑτοῦ

181 2065 314 2139 δικαίως
331 2059 431 2147 εἶναι,
455 2058 533 2128 ούτε
551 2061 689 2149 ποιήσας
705 2065 759 2130 καὶ
770 2066 919 2150 στέρξας,
945 2060 989 2141 ὡς
1001 2058 1044 2130 άυ
1055 2062 1131 2132 υίύν

137 2180 228 2239 νοτις
247 2164 391 2245 στέρξαι,
414 2159 514 2227 πάλιν
530 2164 665 2243 ἔξαρνος
682 2160 840 2247 ἐτόλμησε
850 2163 1018 2246 γενέσθαι.
1052 2159 1131 2228 ούδε

179 2258 244 2345 γὰρ
256 2270 326 2329 είτι
337 2269 378 2347 τῇ
387 2262 484 2347 μητρὶ
493 2259 575 2342 πρὸς
587 2257 691 2346 ὀργὴν
699 2253 785 2345 ἦλθε
793 2270 834 2350 τῇ
841 2261 979 2348 τούτων,
992 2259 1131 2338 τούτους

179 2353 223 2425 άν
240 2363 358 2444 ἐμίσει,
380 2364 522 2444 νομίζων
534 2358 638 2426 αὑτοῦ
650 2357 748 2426 εἶναι·
771 2357 859 2426 πολύ
868 2357 933 2446 γάρ
945 2367 1071 2444 μᾶλλον
1083 2365 1130 2427 εί-

180 2456 327 2540 ύθοισιυ,
353 2449 401 2524 οἷν
418 2452 462 2524 άν
479 2457 607 2535 ἑαυτοῖς
624 2461 839 2543 διενεχθῶσιν
857 2454 942 2542 ἀνὴρ
959 2458 1015 2524 καί
1029 2455 1128 2542 γυνη,

180 2554 234 2621 διὰ
252 2553 330 2634 τούς
347 2560 466 2633 παῖδας
482 2555 765 2623 καταλλάττεσθαι
779 2550 856 2639 ἢδί
870 2549 946 2620 δάν
956 2552 1130 2640 άδικηθω-

178 2675 233 2721 σιν
249 2651 311 2737 ὑφ’
332 2650 461 2738 αὐτῶν,
483 2651 561 2732 τούς
573 2653 707 2730 κοινούς
719 2658 836 2730 παῖδας
846 2650 929 2734 πρὸς
939 2666 1054 2736 μισεῖν.
1088 2650 1130 2719 ού

178 2759 293 2818 τοίνυν
304 2754 339 2817 ἐκ
350 2752 480 2817 τούτων
490 2756 579 2817 ἔστιν
592 2755 676 2817 ίδεῖν
684 2750 791 2835 μόνον
800 2747 852 2817 ὅτι
862 2748 1026 2836 ψεύσεται,
1040 2749 1129 2818 ταῦτ’

178 2845 327 2938 άνλέγη,
351 2846 433 2916 άλλά
452 2851 531 2932 πρὶν
541 2846 697 2933 ἡμέτερος
707 2848 849 2933 φάσκειν
859 2845 1022 2933 συγγενὴς
1034 2849 1128 2937 εἶναι,

178 2948 472 3027 είςἹπτιοθωντίδα
489 2949 603 3035 ἐφοίτα
621 2944 735 3035 φυλὴν
752 2953 798 3027 είς
813 2952 933 3027 παῖδας
947 2949 1128 3034 χορεύσων.

135 3069 169 3120 24
178 3053 283 3114 καίτοι
300 3054 348 3130 τίς
366 3042 409 3115 άν
425 3046 522 3133 ὑμῶν
538 3057 640 3115 οίεται
657 3045 719 3135 την
735 3052 858 3137 μητέρα
875 3052 999 3135 πέμψαι
1008 3055 1128 3116 τούτου

178 3152 224 3224 είς
241 3146 366 3232 ταύτην
383 3147 444 3234 τὴν
463 3146 575 3234 φυλὴν
587 3146 679 3216 δεινά
690 3150 767 3236 μὲν,
791 3146 835 3229 ὥς
847 3169 966 3235 φησιν,
988 3143 1055 3216 ύπδ
1067 3153 1127 3214 τοῦ

177 3244 298 3329 πατρὸς
316 3257 543 3332 πεπονθυῖαν,
566 3250 709 3336 δεκάτην
725 3248 756 3317 δ’
780 3253 908 3318 είδυίαν
928 3246 1129 3334 πεποιηκότα

177 3346 305 3412 ἐκείνου
321 3348 377 3415 καὶ
394 3347 495 3414 πάλιν
512 3352 651 3433 ἔξαρνον
667 3347 762 3428 ὄντας
787 3347 852 3433 ἐγώ
869 3348 931 3433 μὲν
949 3343 1061 3414 οὐδέν’
1087 3341 1129 3412 άυ

176 3440 273 3528 οἶμαι.
297 3449 342 3522 είς
353 3445 416 3530 γάρ
425 3443 486 3532 τὴν
494 3443 712 3534 Ἀκαμαντίδαι
722 3443 842 3529 ὁμοίως
851 3450 927 3532 ἐξῆν
935 3466 987 3514 σοι
997 3452 1128 3532 φοιτᾶν,
