<?xml version="1.0" encoding="UTF-8"?>
<!DOCTYPE html PUBLIC "-//W3C//DTD XHTML 1.0 Transitional//EN"
    "http://www.w3.org/TR/xhtml1/DTD/xhtml1-transitional.dtd">
<html xmlns="http://www.w3.org/1999/xhtml" xml:lang="en" lang="en">
 <head>
  <title>
</title>
<meta http-equiv="Content-Type" content="text/html;charset=utf-8" />
  <meta name='ocr-system' content='tesseract 3.04.00' />
  <meta name='ocr-capabilities' content='ocr_page ocr_carea ocr_par ocr_line ocrx_word'/>
</head>
<body>
  <div class='ocr_page' id='page_1' title='image "./orationesexrece01demogoog_0465.png"; bbox 0 0 2370 3854; ppageno 0'>
   <div class='ocr_carea' id='block_1_1' title="bbox 318 232 1067 298">
    <p class='ocr_par' dir='ltr' id='par_1_1' title="bbox 318 232 1067 298">
     <span class='ocr_line' id='line_1_1' title="bbox 318 232 1067 298; baseline 0.003 -4"><span class='ocrx_word' id='word_1_1' title='bbox 318 234 459 294; x_wconf 88' lang='grc' dir='ltr'><em>ΠΡΟΣ</em></span> <span class='ocrx_word' id='word_1_2' title='bbox 478 232 855 296; x_wconf 72' lang='grc' dir='ltr'><em>ΝΑΥΣΙΜΑΧΟΝ.</em></span> <span class='ocrx_word' id='word_1_3' title='bbox 1004 235 1067 298; x_wconf 83' lang='grc'><strong><em>459</em></strong></span> 
     </span>
    </p>
   </div>
   <div class='ocr_carea' id='block_1_2' title="bbox 74 388 1170 1366">
    <p class='ocr_par' dir='ltr' id='par_1_2' title="bbox 74 388 1170 1366">
     <span class='ocr_line' id='line_1_2' title="bbox 118 388 1068 482; baseline 0.002 -21"><span class='ocrx_word' id='word_1_4' title='bbox 118 394 224 461; x_wconf 78' lang='grc' dir='ltr'><strong><em>διέλυε</em></strong></span> <span class='ocrx_word' id='word_1_5' title='bbox 241 389 417 480; x_wconf 82' lang='grc' dir='ltr'><strong><em>χρήματαὸ</em></strong></span> <span class='ocrx_word' id='word_1_6' title='bbox 432 389 614 478; x_wconf 70' lang='grc' dir='ltr'><strong><em>Ἑρμῶναξ,</em></strong></span> <span class='ocrx_word' id='word_1_7' title='bbox 634 390 696 460; x_wconf 78' lang='grc' dir='ltr'><strong><em>οὐκ</em></strong></span> <span class='ocrx_word' id='word_1_8' title='bbox 713 390 900 482; x_wconf 74' lang='grc' dir='ltr'><em>ἀπέδωκεν,</em></span> <span class='ocrx_word' id='word_1_9' title='bbox 924 393 970 465; x_wconf 84' lang='grc' dir='ltr'><strong><em>ὅτ’</em></strong></span> <span class='ocrx_word' id='word_1_10' title='bbox 981 388 1068 482; x_wconf 73' lang='grc' dir='ltr'><strong><em>ἦσαν</em></strong></span> 
     </span>
     <span class='ocr_line' id='line_1_3' title="bbox 116 487 1067 578; baseline 0.005 -20"><span class='ocrx_word' id='word_1_11' title='bbox 116 497 246 572; x_wconf 66' lang='grc' dir='ltr'><strong><em>παῖδες·</em></strong></span> <span class='ocrx_word' id='word_1_12' title='bbox 267 489 385 578; x_wconf 82' lang='grc' dir='ltr'><strong><em>ούγιὶρ</em></strong></span> <span class='ocrx_word' id='word_1_13' title='bbox 397 493 446 569; x_wconf 88' lang='grc' dir='ltr'><strong><em>δίς</em></strong></span> <span class='ocrx_word' id='word_1_14' title='bbox 457 515 494 576; x_wconf 94' lang='grc' dir='ltr'><strong><em>γε</em></strong></span> <span class='ocrx_word' id='word_1_15' title='bbox 506 489 609 558; x_wconf 85' lang='grc' dir='ltr'><strong><em>ταδτά</em></strong></span> <span class='ocrx_word' id='word_1_16' title='bbox 620 498 795 561; x_wconf 74' lang='grc' dir='ltr'><strong><em>κατετίθει.</em></strong></span> <span class='ocrx_word' id='word_1_17' title='bbox 826 501 917 562; x_wconf 75' lang='grc' dir='ltr'><strong><em>ἔστιν</em></strong></span> <span class='ocrx_word' id='word_1_18' title='bbox 931 487 995 563; x_wconf 82' lang='grc' dir='ltr'><strong><em>οὖν</em></strong></span> <span class='ocrx_word' id='word_1_19' title='bbox 1006 495 1067 563; x_wconf 80' lang='grc' dir='ltr'><strong><em>οὕ-</em></strong></span> 
     </span>
     <span class='ocr_line' id='line_1_4' title="bbox 115 587 1067 679; baseline 0.004 -21"><span class='ocrx_word' id='word_1_20' title='bbox 115 617 162 658; x_wconf 84' lang='grc' dir='ltr'><strong><em>τω</em></strong></span> <span class='ocrx_word' id='word_1_21' title='bbox 183 616 232 670; x_wconf 93' lang='grc' dir='ltr'><strong><em>τις</em></strong></span> <span class='ocrx_word' id='word_1_22' title='bbox 253 589 445 674; x_wconf 75' lang='grc' dir='ltr'><strong><em>ἀνθρώπων</em></strong></span> <span class='ocrx_word' id='word_1_23' title='bbox 462 587 584 667; x_wconf 80' lang='grc' dir='ltr'><strong><em>ἄτοπος</em></strong></span> <span class='ocrx_word' id='word_1_24' title='bbox 605 587 687 658; x_wconf 73' lang='grc' dir='ltr'><strong><em>ὥσθ’</em></strong></span> <span class='ocrx_word' id='word_1_25' title='bbox 705 587 729 658; x_wconf 80' lang='grc' dir='ltr'><strong><em>ά</em></strong></span> <span class='ocrx_word' id='word_1_26' title='bbox 747 591 827 673; x_wconf 84' lang='grc' dir='ltr'><strong><em>τοδς</em></strong></span> <span class='ocrx_word' id='word_1_27' title='bbox 843 599 981 679; x_wconf 79' lang='grc' dir='ltr'><strong><em>κυρίους</em></strong></span> <span class='ocrx_word' id='word_1_28' title='bbox 998 599 1067 662; x_wconf 88' lang='grc' dir='ltr'><strong><em>διε-</em></strong></span> 
     </span>
     <span class='ocr_line' id='line_1_5' title="bbox 116 685 1067 783; baseline 0.005 -27"><span class='ocrx_word' id='word_1_29' title='bbox 116 689 281 774; x_wconf 82' lang='grc' dir='ltr'><strong><em>κρούσατο</em></strong></span> <span class='ocrx_word' id='word_1_30' title='bbox 293 685 337 774; x_wconf 77' lang='grc' dir='ltr'><strong><em>μὴ</em></strong></span> <span class='ocrx_word' id='word_1_31' title='bbox 349 698 545 757; x_wconf 70' lang='grc' dir='ltr'><strong><em>καταθεῖναι</em></strong></span> <span class='ocrx_word' id='word_1_32' title='bbox 560 697 722 758; x_wconf 83' lang='grc' dir='ltr'><strong><em>τοσοῦτον</em></strong></span> <span class='ocrx_word' id='word_1_33' title='bbox 737 692 877 779; x_wconf 85' lang='grc' dir='ltr'><strong><em>χρόνον,</em></strong></span> <span class='ocrx_word' id='word_1_34' title='bbox 900 701 1003 760; x_wconf 85' lang='grc' dir='ltr'><strong><em>ταῦτα</em></strong></span> <span class='ocrx_word' id='word_1_35' title='bbox 1020 702 1067 783; x_wconf 76' lang='grc' dir='ltr'><strong><em>τῷ</em></strong></span> 
     </span>
     <span class='ocr_line' id='line_1_6' title="bbox 116 785 1065 876; baseline 0.005 -23"><span class='ocrx_word' id='word_1_36' title='bbox 116 785 159 873; x_wconf 80' lang='grc' dir='ltr'><strong><em>μὴ</em></strong></span> <span class='ocrx_word' id='word_1_37' title='bbox 178 792 282 875; x_wconf 75' lang='grc' dir='ltr'><strong><em>κυρίῳ</em></strong></span> <span class='ocrx_word' id='word_1_38' title='bbox 299 789 464 873; x_wconf 78' lang='grc' dir='ltr'><strong><em>πέμψαντι</em></strong></span> <span class='ocrx_word' id='word_1_39' title='bbox 479 787 655 875; x_wconf 87' lang='grc' dir='ltr'><strong><em>γράμματα</em></strong></span> <span class='ocrx_word' id='word_1_40' title='bbox 672 786 759 858; x_wconf 79' lang='grc' dir='ltr'><strong><em>έκιδν</em></strong></span> <span class='ocrx_word' id='word_1_41' title='bbox 777 787 987 872; x_wconf 72' lang='grc' dir='ltr'><strong><em>άποδοῦναις</em></strong></span> <span class='ocrx_word' id='word_1_42' title='bbox 1001 789 1065 876; x_wconf 77' lang='grc' dir='ltr'><strong><em>ἐγώ</em></strong></span> 
     </span>
     <span class='ocr_line' id='line_1_7' title="bbox 74 881 1170 976; baseline 0.001 -22"><span class='ocrx_word' id='word_1_43' title='bbox 74 902 107 954; x_wconf 83' lang='grc'><strong><em>13</em></strong></span> <span class='ocrx_word' id='word_1_44' title='bbox 116 887 178 971; x_wconf 72' lang='grc' dir='ltr'><strong><em>μέν</em></strong></span> <span class='ocrx_word' id='word_1_45' title='bbox 197 881 260 953; x_wconf 84' lang='grc' dir='ltr'><strong><em>οδκ</em></strong></span> <span class='ocrx_word' id='word_1_46' title='bbox 277 882 374 971; x_wconf 82' lang='grc' dir='ltr'><strong><em>οἶμαι.</em></strong></span> <span class='ocrx_word' id='word_1_47' title='bbox 409 883 495 954; x_wconf 85' lang='grc' dir='ltr'><strong><em>άλλά</em></strong></span> <span class='ocrx_word' id='word_1_48' title='bbox 512 884 582 973; x_wconf 74' lang='grc' dir='ltr'><strong><em>μὴν</em></strong></span> <span class='ocrx_word' id='word_1_49' title='bbox 599 884 643 967; x_wconf 81' lang='grc' dir='ltr'><strong><em>ὡς</em></strong></span> <span class='ocrx_word' id='word_1_50' title='bbox 657 885 769 974; x_wconf 78' lang='grc' dir='ltr'><strong><em>ἀληθῆ</em></strong></span> <span class='ocrx_word' id='word_1_51' title='bbox 785 893 886 976; x_wconf 84' lang='grc' dir='ltr'><strong><em>λέγω,</em></strong></span> <span class='ocrx_word' id='word_1_52' title='bbox 909 892 964 957; x_wconf 80' lang='grc' dir='ltr'><strong><em>καί</em></strong></span> <span class='ocrx_word' id='word_1_53' title='bbox 976 886 993 958; x_wconf 90' lang='grc' dir='ltr'>ὁ</span> <span class='ocrx_word' id='word_1_54' title='bbox 1005 893 1065 974; x_wconf 81' lang='grc' dir='ltr'><strong><em>μὲν</em></strong></span> <span class='ocrx_word' id='word_1_55' title='bbox 1167 892 1170 897; x_wconf 80' lang='grc'>’</span> 
     </span>
     <span class='ocr_line' id='line_1_8' title="bbox 115 981 1064 1077; baseline 0.005 -27"><span class='ocrx_word' id='word_1_56' title='bbox 115 981 221 1072; x_wconf 73' lang='grc' dir='ltr'><strong><em>πατὴρ</em></strong></span> <span class='ocrx_word' id='word_1_57' title='bbox 233 983 442 1071; x_wconf 80' lang='grc' dir='ltr'><strong><em>ἐτελεύτησεν</em></strong></span> <span class='ocrx_word' id='word_1_58' title='bbox 452 983 580 1065; x_wconf 74' lang='grc' dir='ltr'><strong><em>εὐθέως</em></strong></span> <span class='ocrx_word' id='word_1_59' title='bbox 590 985 672 1073; x_wconf 83' lang='grc' dir='ltr'><strong><em>μετά</em></strong></span> <span class='ocrx_word' id='word_1_60' title='bbox 683 984 742 1068; x_wconf 79' lang='grc' dir='ltr'><strong><em>τὰς</em></strong></span> <span class='ocrx_word' id='word_1_61' title='bbox 752 987 981 1077; x_wconf 79' lang='grc' dir='ltr'><strong><em>διαλάσεις,τῷ</em></strong></span> <span class='ocrx_word' id='word_1_62' title='bbox 992 997 1064 1072; x_wconf 83' lang='grc' dir='ltr'><strong><em>Δη-</em></strong></span> 
     </span>
     <span class='ocr_line' id='line_1_9' title="bbox 115 1077 1065 1174; baseline 0.003 -24"><span class='ocrx_word' id='word_1_63' title='bbox 115 1087 243 1172; x_wconf 77' lang='grc' dir='ltr'><strong><em>μαρέτῳ</em></strong></span> <span class='ocrx_word' id='word_1_64' title='bbox 262 1080 293 1151; x_wconf 89' lang='grc' dir='ltr'><strong><em>δ’</em></strong></span> <span class='ocrx_word' id='word_1_65' title='bbox 309 1080 520 1152; x_wconf 73' lang='grc' dir='ltr'><strong><em>οὐδεπώποθ’</em></strong></span> <span class='ocrx_word' id='word_1_66' title='bbox 540 1077 634 1153; x_wconf 84' lang='grc' dir='ltr'><strong><em>οὖτοι</em></strong></span> <span class='ocrx_word' id='word_1_67' title='bbox 651 1086 780 1154; x_wconf 82' lang='grc' dir='ltr'><strong><em>τούτων</em></strong></span> <span class='ocrx_word' id='word_1_68' title='bbox 801 1095 870 1154; x_wconf 76' lang='grc' dir='ltr'><strong><em>τῶν</em></strong></span> <span class='ocrx_word' id='word_1_69' title='bbox 888 1087 1065 1174; x_wconf 84' lang='grc' dir='ltr'><strong><em>χρημάτων</em></strong></span> 
     </span>
     <span class='ocr_line' id='line_1_10' title="bbox 115 1179 1065 1269; baseline 0.004 -20"><span class='ocrx_word' id='word_1_70' title='bbox 115 1186 211 1269; x_wconf 80' lang='grc' dir='ltr'><strong><em>δίκην</em></strong></span> <span class='ocrx_word' id='word_1_71' title='bbox 222 1185 353 1267; x_wconf 78' lang='grc' dir='ltr'><strong><em>ἔλαχον,</em></strong></span> <span class='ocrx_word' id='word_1_72' title='bbox 372 1179 446 1248; x_wconf 81' lang='grc' dir='ltr'><strong><em>οὐδ’</em></strong></span> <span class='ocrx_word' id='word_1_73' title='bbox 460 1179 546 1259; x_wconf 85' lang='grc' dir='ltr'><strong><em>ὅλας</em></strong></span> <span class='ocrx_word' id='word_1_74' title='bbox 557 1184 751 1260; x_wconf 74' lang='grc' dir='ltr'><strong><em>ἐξέπλευσεν</em></strong></span> <span class='ocrx_word' id='word_1_75' title='bbox 761 1187 885 1263; x_wconf 77' lang='grc' dir='ltr'><strong><em>ἐκεῖνος</em></strong></span> <span class='ocrx_word' id='word_1_76' title='bbox 895 1184 971 1253; x_wconf 71' lang='grc' dir='ltr'><strong><em>οὐδ’</em></strong></span> <span class='ocrx_word' id='word_1_77' title='bbox 984 1185 1065 1253; x_wconf 85' lang='grc' dir='ltr'><strong><em>άπε-</em></strong></span> 
     </span>
     <span class='ocr_line' id='line_1_11' title="bbox 114 1276 747 1366; baseline 0.003 -20"><span class='ocrx_word' id='word_1_78' title='bbox 114 1278 260 1365; x_wconf 86' lang='grc' dir='ltr'><strong><em>δήμησεν</em></strong></span> <span class='ocrx_word' id='word_1_79' title='bbox 271 1281 385 1362; x_wconf 80' lang='grc' dir='ltr'><strong><em>ἐκεῖσε,</em></strong></span> <span class='ocrx_word' id='word_1_80' title='bbox 397 1278 477 1364; x_wconf 73' lang='grc' dir='ltr'><strong><em>λαβὲ</em></strong></span> <span class='ocrx_word' id='word_1_81' title='bbox 488 1276 547 1357; x_wconf 81' lang='grc' dir='ltr'><strong><em>τάς</em></strong></span> <span class='ocrx_word' id='word_1_82' title='bbox 557 1288 747 1366; x_wconf 90' lang='grc' dir='ltr'><strong><em>μαρτυρίας.</em></strong></span> 
     </span>
    </p>
   </div>
   <div class='ocr_carea' id='block_1_3' title="bbox 457 1422 719 1486">
    <p class='ocr_par' dir='ltr' id='par_1_3' title="bbox 457 1422 719 1486">
     <span class='ocr_line' id='line_1_12' title="bbox 457 1422 719 1486; baseline 0.004 -5"><span class='ocrx_word' id='word_1_83' title='bbox 457 1422 719 1486; x_wconf 74' lang='grc' dir='ltr'><em>ΜΑΡἸῪΡΙΑΙ.</em></span> 
     </span>
    </p>
   </div>
   <div class='ocr_carea' id='block_1_4' title="bbox 72 1526 1065 2015">
    <p class='ocr_par' dir='ltr' id='par_1_4' title="bbox 72 1526 1065 2015">
     <span class='ocr_line' id='line_1_13' title="bbox 72 1526 1063 1618; baseline 0.001 -21"><span class='ocrx_word' id='word_1_84' title='bbox 72 1553 105 1607; x_wconf 70' lang='lat'><strong><em>14</em></strong></span> <span class='ocrx_word' id='word_1_85' title='bbox 188 1526 259 1598; x_wconf 75' lang='grc' dir='ltr'><strong><em>’Ότι</em></strong></span> <span class='ocrx_word' id='word_1_86' title='bbox 269 1527 331 1615; x_wconf 76' lang='grc' dir='ltr'><strong><em>μὲν</em></strong></span> <span class='ocrx_word' id='word_1_87' title='bbox 340 1534 457 1596; x_wconf 80' lang='grc' dir='ltr'><strong><em>τοίνυν</em></strong></span> <span class='ocrx_word' id='word_1_88' title='bbox 469 1527 545 1597; x_wconf 79' lang='grc' dir='ltr'><strong><em>οὔδ’</em></strong></span> <span class='ocrx_word' id='word_1_89' title='bbox 559 1527 577 1597; x_wconf 89' lang='grc' dir='ltr'>ὁ</span> <span class='ocrx_word' id='word_1_90' title='bbox 597 1529 706 1618; x_wconf 76' lang='grc' dir='ltr'><strong><em>πατὴρ</em></strong></span> <span class='ocrx_word' id='word_1_91' title='bbox 723 1531 805 1617; x_wconf 81' lang='grc' dir='ltr'><strong><em>μετὰ</em></strong></span> <span class='ocrx_word' id='word_1_92' title='bbox 817 1529 879 1618; x_wconf 72' lang='grc' dir='ltr'><strong><em>τὴν</em></strong></span> <span class='ocrx_word' id='word_1_93' title='bbox 889 1531 1011 1618; x_wconf 76' lang='grc' dir='ltr'><strong><em>ἄφεσιν</em></strong></span> <span class='ocrx_word' id='word_1_94' title='bbox 1023 1533 1063 1598; x_wconf 80' lang='grc' dir='ltr'><strong><em>τά</em></strong></span> 
     </span>
     <span class='ocr_line' id='line_1_14' title="bbox 112 1624 1065 1715; baseline 0.004 -22"><span class='ocrx_word' id='word_1_95' title='bbox 112 1625 244 1715; x_wconf 79' lang='grc' dir='ltr'><strong><em>χρήματ’</em></strong></span> <span class='ocrx_word' id='word_1_96' title='bbox 259 1629 459 1714; x_wconf 75' lang='grc' dir='ltr'><strong><em>εἰσέπραξεν,</em></strong></span> <span class='ocrx_word' id='word_1_97' title='bbox 471 1625 538 1696; x_wconf 81' lang='grc' dir='ltr'><strong><em>οὔτ’</em></strong></span> <span class='ocrx_word' id='word_1_98' title='bbox 552 1624 596 1696; x_wconf 85' lang='grc' dir='ltr'><strong><em>άν</em></strong></span> <span class='ocrx_word' id='word_1_99' title='bbox 605 1634 730 1698; x_wconf 83' lang='grc' dir='ltr'><strong><em>ἔδωκεν</em></strong></span> <span class='ocrx_word' id='word_1_100' title='bbox 741 1627 827 1698; x_wconf 72' lang='grc' dir='ltr'><strong><em>ἑκών</em></strong></span> <span class='ocrx_word' id='word_1_101' title='bbox 837 1628 962 1714; x_wconf 80' lang='grc' dir='ltr'><strong><em>οὐδεὶς,</em></strong></span> <span class='ocrx_word' id='word_1_102' title='bbox 975 1640 1009 1700; x_wconf 83' lang='grc' dir='ltr'><strong><em>εί</em></strong></span> <span class='ocrx_word' id='word_1_103' title='bbox 1015 1657 1065 1697; x_wconf 89' lang='grc' dir='ltr'><strong><em>τι-</em></strong></span> 
     </span>
     <span class='ocr_line' id='line_1_15' title="bbox 112 1724 1063 1814; baseline 0.002 -20"><span class='ocrx_word' id='word_1_104' title='bbox 112 1755 156 1795; x_wconf 91' lang='grc' dir='ltr'><strong><em>να</em></strong></span> <span class='ocrx_word' id='word_1_105' title='bbox 167 1734 312 1813; x_wconf 76' lang='grc' dir='ltr'><strong><em>ἔπεμψεν</em></strong></span> <span class='ocrx_word' id='word_1_106' title='bbox 324 1724 341 1794; x_wconf 90' lang='grc' dir='ltr'>ὁ</span> <span class='ocrx_word' id='word_1_107' title='bbox 357 1727 564 1814; x_wconf 79' lang='grc' dir='ltr'><strong><em>Δημάρετος,</em></strong></span> <span class='ocrx_word' id='word_1_108' title='bbox 577 1725 645 1796; x_wconf 80' lang='grc' dir='ltr'><strong><em>οὔτ’</em></strong></span> <span class='ocrx_word' id='word_1_109' title='bbox 656 1726 863 1796; x_wconf 72' lang='grc' dir='ltr'><strong><em>ἀνέπλευσεν</em></strong></span> <span class='ocrx_word' id='word_1_110' title='bbox 874 1726 974 1809; x_wconf 80' lang='grc' dir='ltr'><strong><em>αὐτὸς</em></strong></span> <span class='ocrx_word' id='word_1_111' title='bbox 986 1727 1063 1798; x_wconf 81' lang='grc' dir='ltr'><strong><em>οὐδ’</em></strong></span> 
     </span>
     <span class='ocr_line' id='line_1_16' title="bbox 113 1825 1063 1916; baseline 0.002 -23"><span class='ocrx_word' id='word_1_112' title='bbox 113 1825 249 1913; x_wconf 81' lang='grc' dir='ltr'><strong><em>άφίκετο</em></strong></span> <span class='ocrx_word' id='word_1_113' title='bbox 261 1831 379 1913; x_wconf 73' lang='grc' dir='ltr'><strong><em>ἐκεῖσε,</em></strong></span> <span class='ocrx_word' id='word_1_114' title='bbox 399 1832 503 1913; x_wconf 79' lang='grc' dir='ltr'><strong><em>δῆλον</em></strong></span> <span class='ocrx_word' id='word_1_115' title='bbox 520 1831 556 1896; x_wconf 85' lang='grc' dir='ltr'><strong><em>ἐκ</em></strong></span> <span class='ocrx_word' id='word_1_116' title='bbox 573 1836 641 1896; x_wconf 79' lang='grc' dir='ltr'><strong><em>τῶν</em></strong></span> <span class='ocrx_word' id='word_1_117' title='bbox 649 1827 782 1916; x_wconf 78' lang='grc' dir='ltr'><strong><em>χρόνον</em></strong></span> <span class='ocrx_word' id='word_1_118' title='bbox 794 1829 927 1897; x_wconf 75' lang='grc' dir='ltr'><strong><em>καὶτῶν</em></strong></span> <span class='ocrx_word' id='word_1_119' title='bbox 936 1854 1063 1915; x_wconf 89' lang='grc' dir='ltr'><strong><em>μαρτυ-</em></strong></span> 
     </span>
     <span class='ocr_line' id='line_1_17' title="bbox 115 1923 1064 2015; baseline 0.002 -22"><span class='ocrx_word' id='word_1_120' title='bbox 115 1933 197 2008; x_wconf 79' lang='grc' dir='ltr'><strong><em>ριῶν</em></strong></span> <span class='ocrx_word' id='word_1_121' title='bbox 208 1923 288 2013; x_wconf 78' lang='grc' dir='ltr'><strong><em>ὑμῖν</em></strong></span> <span class='ocrx_word' id='word_1_122' title='bbox 298 1929 445 2012; x_wconf 88' lang='grc' dir='ltr'><strong><em>γέγονεν.</em></strong></span> <span class='ocrx_word' id='word_1_123' title='bbox 472 1926 637 2015; x_wconf 83' lang='grc' dir='ltr'><strong><em>βούλομαι</em></strong></span> <span class='ocrx_word' id='word_1_124' title='bbox 652 1933 769 1997; x_wconf 91' lang='grc' dir='ltr'><strong><em>τοίνυν</em></strong></span> <span class='ocrx_word' id='word_1_125' title='bbox 779 1930 834 1996; x_wconf 82' lang='grc' dir='ltr'><strong><em>καὶ</em></strong></span> <span class='ocrx_word' id='word_1_126' title='bbox 844 1924 930 2007; x_wconf 84' lang='grc' dir='ltr'><strong><em>ὅλως</em></strong></span> <span class='ocrx_word' id='word_1_127' title='bbox 940 1933 1064 2007; x_wconf 79' lang='grc' dir='ltr'><strong><em>ψευδο-</em></strong></span> 
     </span>
    </p>
   </div>
   <div class='ocr_carea' id='block_1_5' title="bbox 111 2019 1063 2503">
    <p class='ocr_par' dir='ltr' id='par_1_5' title="bbox 111 2019 1063 2503">
     <span class='ocr_line' id='line_1_18' title="bbox 114 2019 1062 2114; baseline 0 -23"><span class='ocrx_word' id='word_1_128' title='bbox 114 2030 234 2110; x_wconf 83' lang='grc' dir='ltr'><strong><em>μένους</em></strong></span> <span class='ocrx_word' id='word_1_129' title='bbox 251 2022 374 2103; x_wconf 76' lang='grc' dir='ltr'><strong><em>αὐτοὺς</em></strong></span> <span class='ocrx_word' id='word_1_130' title='bbox 391 2019 473 2093; x_wconf 83' lang='grc' dir='ltr'><strong><em>ὅλον</em></strong></span> <span class='ocrx_word' id='word_1_131' title='bbox 488 2025 525 2094; x_wconf 86' lang='grc' dir='ltr'><strong><em>τδ</em></strong></span> <span class='ocrx_word' id='word_1_132' title='bbox 544 2035 680 2114; x_wconf 81' lang='grc' dir='ltr'><strong><em>πρᾶγμα</em></strong></span> <span class='ocrx_word' id='word_1_133' title='bbox 698 2030 861 2106; x_wconf 82' lang='grc' dir='ltr'><strong><em>ἐπιδεῖξαι.</em></strong></span> <span class='ocrx_word' id='word_1_134' title='bbox 897 2019 1062 2110; x_wconf 81' lang='grc' dir='ltr'><strong><em>οὗτοιγάρ</em></strong></span> 
     </span>
     <span class='ocr_line' id='line_1_19' title="bbox 112 2119 1063 2210; baseline -0.002 -21"><span class='ocrx_word' id='word_1_135' title='bbox 112 2122 318 2208; x_wconf 78' lang='grc' dir='ltr'><strong><em>γεγράφασιν</em></strong></span> <span class='ocrx_word' id='word_1_136' title='bbox 339 2127 384 2198; x_wconf 85' lang='grc' dir='ltr'><strong><em>είς</em></strong></span> <span class='ocrx_word' id='word_1_137' title='bbox 405 2119 426 2189; x_wconf 82' lang='grc' dir='ltr'><strong><em>δ</em></strong></span> <span class='ocrx_word' id='word_1_138' title='bbox 447 2131 512 2190; x_wconf 85' lang='grc' dir='ltr'><strong><em>νῦν</em></strong></span> <span class='ocrx_word' id='word_1_139' title='bbox 535 2131 680 2210; x_wconf 79' lang='grc' dir='ltr'><strong><em>ἔγκλημα</em></strong></span> <span class='ocrx_word' id='word_1_140' title='bbox 703 2124 894 2208; x_wconf 67' lang='grc' dir='ltr'><strong><em>διάκουσον,</em></strong></span> <span class='ocrx_word' id='word_1_141' title='bbox 917 2123 1063 2207; x_wconf 86' lang='grc' dir='ltr'><strong><em>ὀφείλειν</em></strong></span> 
     </span>
     <span class='ocr_line' id='line_1_20' title="bbox 111 2216 1062 2306; baseline 0.001 -20"><span class='ocrx_word' id='word_1_142' title='bbox 111 2218 197 2305; x_wconf 80' lang='grc' dir='ltr'><strong><em>ἡμεῖς</em></strong></span> <span class='ocrx_word' id='word_1_143' title='bbox 207 2219 244 2285; x_wconf 88' lang='grc' dir='ltr'>τό</span> <span class='ocrx_word' id='word_1_144' title='bbox 255 2216 420 2303; x_wconf 83' lang='grc' dir='ltr'><strong><em>άργάριον</em></strong></span> <span class='ocrx_word' id='word_1_145' title='bbox 431 2225 657 2306; x_wconf 89' lang='grc' dir='ltr'><strong><em>κομισαμένου</em></strong></span> <span class='ocrx_word' id='word_1_146' title='bbox 674 2229 737 2289; x_wconf 80' lang='grc' dir='ltr'><strong><em>τοῦ</em></strong></span> <span class='ocrx_word' id='word_1_147' title='bbox 747 2220 872 2305; x_wconf 81' lang='grc' dir='ltr'><strong><em>πατρὸς</em></strong></span> <span class='ocrx_word' id='word_1_148' title='bbox 888 2224 943 2288; x_wconf 80' lang='grc' dir='ltr'><strong><em>καὶ</em></strong></span> <span class='ocrx_word' id='word_1_149' title='bbox 954 2245 1062 2303; x_wconf 91' lang='grc' dir='ltr'><strong><em>παρα-</em></strong></span> 
     </span>
     <span class='ocr_line' id='line_1_21' title="bbox 112 2312 1063 2409; baseline -0.001 -25"><span class='ocrx_word' id='word_1_150' title='bbox 112 2318 228 2394; x_wconf 87' lang='grc' dir='ltr'><strong><em>δόντος</em></strong></span> <span class='ocrx_word' id='word_1_151' title='bbox 248 2312 360 2393; x_wconf 76' lang='grc' dir='ltr'><strong><em>αὐτοῖς</em></strong></span> <span class='ocrx_word' id='word_1_152' title='bbox 383 2323 483 2384; x_wconf 79' lang='grc' dir='ltr'><strong><em>τοῦτο</em></strong></span> <span class='ocrx_word' id='word_1_153' title='bbox 499 2315 537 2385; x_wconf 83' lang='grc' dir='ltr'><strong><em>τὸ</em></strong></span> <span class='ocrx_word' id='word_1_154' title='bbox 560 2320 662 2403; x_wconf 83' lang='grc' dir='ltr'><strong><em>χρέως</em></strong></span> <span class='ocrx_word' id='word_1_155' title='bbox 680 2321 716 2385; x_wconf 92' lang='grc' dir='ltr'><strong><em>ἐν</em></strong></span> <span class='ocrx_word' id='word_1_156' title='bbox 736 2325 781 2409; x_wconf 76' lang='grc' dir='ltr'><strong><em>τῷ</em></strong></span> <span class='ocrx_word' id='word_1_157' title='bbox 804 2318 892 2406; x_wconf 75' lang='grc' dir='ltr'><strong><em>λόγῳ</em></strong></span> <span class='ocrx_word' id='word_1_158' title='bbox 913 2325 971 2404; x_wconf 81' lang='grc' dir='ltr'><strong><em>τῆς</em></strong></span> <span class='ocrx_word' id='word_1_159' title='bbox 993 2321 1063 2384; x_wconf 88' lang='grc' dir='ltr'><strong><em>ε’πι-</em></strong></span> 
     </span>
     <span class='ocr_line' id='line_1_22' title="bbox 112 2410 1062 2503; baseline -0.001 -20"><span class='ocrx_word' id='word_1_160' title='bbox 112 2421 235 2500; x_wconf 81' lang='grc' dir='ltr'><strong><em>τροπῆς</em></strong></span> <span class='ocrx_word' id='word_1_161' title='bbox 252 2410 481 2499; x_wconf 83' lang='grc' dir='ltr'><strong><em>ὀφειλόμενον.</em></strong></span> <span class='ocrx_word' id='word_1_162' title='bbox 517 2423 576 2483; x_wconf 93' lang='grc' dir='ltr'><strong><em>καί</em></strong></span> <span class='ocrx_word' id='word_1_163' title='bbox 587 2443 644 2502; x_wconf 89' lang='grc' dir='ltr'><strong><em>μοι</em></strong></span> <span class='ocrx_word' id='word_1_164' title='bbox 662 2420 735 2503; x_wconf 86' lang='grc' dir='ltr'><strong><em>λέγε</em></strong></span> <span class='ocrx_word' id='word_1_165' title='bbox 753 2415 834 2485; x_wconf 80' lang='grc' dir='ltr'><strong><em>αὐτὸ</em></strong></span> <span class='ocrx_word' id='word_1_166' title='bbox 854 2415 891 2484; x_wconf 86' lang='grc' dir='ltr'>τό</span> <span class='ocrx_word' id='word_1_167' title='bbox 917 2423 1062 2503; x_wconf 73' lang='grc' dir='ltr'><strong><em>ἔγκλημα</em></strong></span> 
     </span>
    </p>
   </div>
   <div class='ocr_carea' id='block_1_6' title="bbox 112 2511 233 2600">
    <p class='ocr_par' dir='ltr' id='par_1_6' title="bbox 112 2511 233 2600">
     <span class='ocr_line' id='line_1_23' title="bbox 112 2511 233 2600; baseline -0.008 -20"><span class='ocrx_word' id='word_1_168' title='bbox 112 2511 233 2600; x_wconf 76' lang='grc' dir='ltr'><strong><em>λαβών.</em></strong></span> 
     </span>
    </p>
   </div>
   <div class='ocr_carea' id='block_1_7' title="bbox 65 2621 1126 3546">
    <p class='ocr_par' dir='ltr' id='par_1_7' title="bbox 464 2621 701 2682">
     <span class='ocr_line' id='line_1_24' title="bbox 464 2621 701 2682; baseline 0.008 -2"><span class='ocrx_word' id='word_1_169' title='bbox 464 2621 526 2681; x_wconf 83' lang='grc' dir='ltr'><strong><em>ΕΓ</em></strong></span> <span class='ocrx_word' id='word_1_170' title='bbox 522 2621 701 2682; x_wconf 87' lang='grc' dir='ltr'><em>ΚΛΗΜΑ.</em></span> 
     </span>
    </p>

    <p class='ocr_par' dir='ltr' id='par_1_8' title="bbox 67 2724 1126 3316">
     <span class='ocr_line' id='line_1_25' title="bbox 67 2724 1064 2818; baseline -0.009 -17"><span class='ocrx_word' id='word_1_171' title='bbox 67 2749 102 2801; x_wconf 82' lang='grc'><strong><em>15</em></strong></span> <span class='ocrx_word' id='word_1_172' title='bbox 192 2727 342 2796; x_wconf 79' lang='grc' dir='ltr'><strong><em>Ἀκούετε</em></strong></span> <span class='ocrx_word' id='word_1_173' title='bbox 363 2731 593 2815; x_wconf 89' lang='grc' dir='ltr'><strong><em>γεγραμμένον</em></strong></span> <span class='ocrx_word' id='word_1_174' title='bbox 616 2734 652 2798; x_wconf 89' lang='grc' dir='ltr'><strong><em>ἐν</em></strong></span> <span class='ocrx_word' id='word_1_175' title='bbox 675 2737 723 2818; x_wconf 73' lang='grc' dir='ltr'><strong><em>τῷ</em></strong></span> <span class='ocrx_word' id='word_1_176' title='bbox 743 2727 920 2815; x_wconf 79' lang='grc' dir='ltr'><strong><em>ἐγκλήματι</em></strong></span> <span class='ocrx_word' id='word_1_177' title='bbox 933 2724 1064 2811; x_wconf 81' lang='grc' dir='ltr'><strong><em>“παρα-</em></strong></span> 
     </span>
     <span class='ocr_line' id='line_1_26' title="bbox 105 2826 1062 2917; baseline -0.001 -23"><span class='ocrx_word' id='word_1_178' title='bbox 105 2826 245 2906; x_wconf 85' lang='grc' dir='ltr'><strong><em>“δόυτος</em></strong></span> <span class='ocrx_word' id='word_1_179' title='bbox 266 2831 337 2915; x_wconf 79' lang='grc' dir='ltr'><strong><em>ἐμοὶ</em></strong></span> <span class='ocrx_word' id='word_1_180' title='bbox 354 2835 414 2898; x_wconf 87' lang='grc' dir='ltr'><strong><em>τοῦ</em></strong></span> <span class='ocrx_word' id='word_1_181' title='bbox 435 2827 664 2917; x_wconf 86' lang='grc' dir='ltr'><strong><em>Ἀρισταίχμου</em></strong></span> <span class='ocrx_word' id='word_1_182' title='bbox 682 2826 719 2896; x_wconf 88' lang='grc' dir='ltr'>τό</span> <span class='ocrx_word' id='word_1_183' title='bbox 737 2830 839 2914; x_wconf 82' lang='grc' dir='ltr'><strong><em>χρέως</em></strong></span> <span class='ocrx_word' id='word_1_184' title='bbox 856 2830 955 2915; x_wconf 80' lang='grc' dir='ltr'><strong><em>ἐντῷ</em></strong></span> <span class='ocrx_word' id='word_1_185' title='bbox 974 2826 1062 2914; x_wconf 76' lang='grc' dir='ltr'><strong><em>λόγῳ</em></strong></span> 
     </span>
     <span class='ocr_line' id='line_1_27' title="bbox 106 2924 1126 3016; baseline -0.003 -23"><span class='ocrx_word' id='word_1_186' title='bbox 106 2924 184 3012; x_wconf 80' lang='grc' dir='ltr'><strong><em>“τῆς</em></strong></span> <span class='ocrx_word' id='word_1_187' title='bbox 195 2926 399 3013; x_wconf 80' lang='grc' dir='ltr'><strong><em>ἐπιτροπῆς.”</em></strong></span> <span class='ocrx_word' id='word_1_188' title='bbox 434 2928 489 2997; x_wconf 84' lang='grc' dir='ltr'><strong><em>ὅτε</em></strong></span> <span class='ocrx_word' id='word_1_189' title='bbox 504 2936 621 2997; x_wconf 91' lang='grc' dir='ltr'><strong><em>τοίνυν</em></strong></span> <span class='ocrx_word' id='word_1_190' title='bbox 637 2928 820 3014; x_wconf 77' lang='grc' dir='ltr'><strong><em>ἐλάγχανον</em></strong></span> <span class='ocrx_word' id='word_1_191' title='bbox 835 2933 881 3016; x_wconf 75' lang='grc' dir='ltr'><strong><em>τῷ</em></strong></span> <span class='ocrx_word' id='word_1_192' title='bbox 897 2926 995 3008; x_wconf 81' lang='grc' dir='ltr'><strong><em>πατρὶ</em></strong></span> <span class='ocrx_word' id='word_1_193' title='bbox 1006 2932 1063 3008; x_wconf 77' lang='grc' dir='ltr'><strong><em>τῆς</em></strong></span> <span class='ocrx_word' id='word_1_194' title='bbox 1075 2943 1126 2999; x_wconf 77' lang='lat'><strong><em>989</em></strong></span> 
     </span>
     <span class='ocr_line' id='line_1_28' title="bbox 110 3021 1063 3114; baseline -0.004 -22"><span class='ocrx_word' id='word_1_195' title='bbox 110 3029 302 3110; x_wconf 79' lang='grc' dir='ltr'><strong><em>ἐπιτροπῆς,</em></strong></span> <span class='ocrx_word' id='word_1_196' title='bbox 324 3023 482 3095; x_wconf 88' lang='grc' dir='ltr'><strong><em>τάναντία</em></strong></span> <span class='ocrx_word' id='word_1_197' title='bbox 499 3029 688 3114; x_wconf 79' lang='grc' dir='ltr'><strong><em>ἐγράψαντο</em></strong></span> <span class='ocrx_word' id='word_1_198' title='bbox 702 3027 846 3095; x_wconf 83' lang='grc' dir='ltr'><strong><em>τούτων·</em></strong></span> <span class='ocrx_word' id='word_1_199' title='bbox 869 3021 913 3103; x_wconf 73' lang='grc' dir='ltr'><strong><em>ὡς</em></strong></span> <span class='ocrx_word' id='word_1_200' title='bbox 923 3021 987 3109; x_wconf 82' lang='grc' dir='ltr'><strong><em>γάρ</em></strong></span> <span class='ocrx_word' id='word_1_201' title='bbox 1001 3021 1063 3089; x_wconf 79' lang='grc' dir='ltr'><strong><em>οὐκ</em></strong></span> 
     </span>
     <span class='ocr_line' id='line_1_29' title="bbox 111 3118 1064 3213; baseline -0.003 -22"><span class='ocrx_word' id='word_1_202' title='bbox 111 3122 269 3192; x_wconf 79' lang='grc' dir='ltr'><strong><em>ἀποδόντι</em></strong></span> <span class='ocrx_word' id='word_1_203' title='bbox 281 3123 383 3210; x_wconf 90' lang='grc' dir='ltr'><strong><em>λόγον</em></strong></span> <span class='ocrx_word' id='word_1_204' title='bbox 391 3124 456 3195; x_wconf 85' lang='grc' dir='ltr'><strong><em>τότ’</em></strong></span> <span class='ocrx_word' id='word_1_205' title='bbox 469 3131 686 3212; x_wconf 81' lang='grc' dir='ltr'><strong><em>ἐγκαλοῦντες</em></strong></span> <span class='ocrx_word' id='word_1_206' title='bbox 698 3131 882 3213; x_wconf 82' lang='grc' dir='ltr'><strong><em>φαίνονται.</em></strong></span> <span class='ocrx_word' id='word_1_207' title='bbox 913 3125 988 3206; x_wconf 89' lang='grc' dir='ltr'><strong><em>λέγε</em></strong></span> <span class='ocrx_word' id='word_1_208' title='bbox 1000 3118 1064 3188; x_wconf 82' lang='grc' dir='ltr'><strong><em>αδ·</em></strong></span> 
     </span>
     <span class='ocr_line' id='line_1_30' title="bbox 109 3221 777 3316; baseline 0.003 -26"><span class='ocrx_word' id='word_1_209' title='bbox 109 3221 146 3290; x_wconf 90' lang='grc' dir='ltr'>τὸ</span> <span class='ocrx_word' id='word_1_210' title='bbox 159 3222 195 3291; x_wconf 84' lang='grc' dir='ltr'><strong><em>τὸ</em></strong></span> <span class='ocrx_word' id='word_1_211' title='bbox 207 3227 362 3310; x_wconf 79' lang='grc' dir='ltr'><strong><em>ἔγκλημα,</em></strong></span> <span class='ocrx_word' id='word_1_212' title='bbox 375 3222 470 3293; x_wconf 85' lang='grc' dir='ltr'><strong><em>δτότ’</em></strong></span> <span class='ocrx_word' id='word_1_213' title='bbox 483 3233 602 3313; x_wconf 79' lang='grc' dir='ltr'><strong><em>ἔλαχον</em></strong></span> <span class='ocrx_word' id='word_1_214' title='bbox 612 3233 660 3316; x_wconf 76' lang='grc' dir='ltr'><strong><em>τῷ</em></strong></span> <span class='ocrx_word' id='word_1_215' title='bbox 669 3229 777 3309; x_wconf 90' lang='grc' dir='ltr'><strong><em>πατρί.</em></strong></span> 
     </span>
    </p>

    <p class='ocr_par' dir='ltr' id='par_1_9' title="bbox 65 3347 1061 3546">
     <span class='ocr_line' id='line_1_31' title="bbox 466 3347 699 3410; baseline -0.021 0"><span class='ocrx_word' id='word_1_216' title='bbox 466 3349 528 3410; x_wconf 84' lang='grc' dir='ltr'><strong><em>ΕΓ</em></strong></span> <span class='ocrx_word' id='word_1_217' title='bbox 523 3347 699 3409; x_wconf 83' lang='grc' dir='ltr'><em>ΚΛΗΜΑ.</em></span> 
     </span>
     <span class='ocr_line' id='line_1_32' title="bbox 65 3449 1061 3546; baseline -0.004 -25"><span class='ocrx_word' id='word_1_218' title='bbox 65 3466 100 3522; x_wconf 87' lang='grc'><strong><em>16</em></strong></span> <span class='ocrx_word' id='word_1_219' title='bbox 189 3449 245 3520; x_wconf 85' lang='grc' dir='ltr'><strong><em>Ἐν</em></strong></span> <span class='ocrx_word' id='word_1_220' title='bbox 262 3459 344 3542; x_wconf 74' lang='grc' dir='ltr'><strong><em>ποίῳ</em></strong></span> <span class='ocrx_word' id='word_1_221' title='bbox 363 3453 403 3542; x_wconf 80' lang='grc' dir='ltr'><strong><em>δὴ</em></strong></span> <span class='ocrx_word' id='word_1_222' title='bbox 421 3457 511 3546; x_wconf 75' lang='grc' dir='ltr'><strong><em>λόγῳ</em></strong></span> <span class='ocrx_word' id='word_1_223' title='bbox 530 3463 597 3524; x_wconf 78' lang='grc' dir='ltr'><strong><em>νῦν</em></strong></span> <span class='ocrx_word' id='word_1_224' title='bbox 614 3457 780 3542; x_wconf 80' lang='grc' dir='ltr'><strong><em>ἐγκαλεῖτε</em></strong></span> <span class='ocrx_word' id='word_1_225' title='bbox 798 3450 841 3534; x_wconf 78' lang='grc' dir='ltr'><strong><em>ὡς</em></strong></span> <span class='ocrx_word' id='word_1_226' title='bbox 857 3453 1061 3539; x_wconf 83' lang='grc' dir='ltr'><strong><em>παρέδωκεν,</em></strong></span> 
     </span>
    </p>
   </div>
   <div class='ocr_carea' id='block_1_8' title="bbox 0 0 1190 3854">
    <p class='ocr_par' dir='ltr' id='par_1_10' title="bbox 0 0 1190 3854">
     <span class='ocr_line' id='line_1_33' title="bbox 0 0 1190 3854; baseline 0 1"><span class='ocrx_word' id='word_1_227' title='bbox 0 0 1190 3854; x_wconf 95' lang='lat' dir='ltr'><strong><em> </em></strong></span> 
     </span>
    </p>
   </div>
  </div>
 </body>
</html>
