2370 3854
170 219 233 282 358
370 219 455 275 XXX.
489 212 908 275 ΛΗΜΟΣΘΕΝΟῬΣ

169 379 249 466 λαβέ
258 375 318 456 τάς
330 382 513 465 μαρτυρίας
530 371 643 451 αὐτοῖς
655 364 703 439 οἷν
720 374 873 439 ε’ναντίον
887 367 1127 458 ἀπεκρίναντο,

169 484 223 546 καὶ
234 477 419 564 ἀνάγνωθι.

515 631 777 694 MAPTYPIAI.

126 790 160 840 25
254 771 338 850 Φέρε
362 764 413 851 δή,
438 758 465 832 ἀ
487 763 610 845 ἀνδρες
631 762 797 843 δικασταὶ,
821 761 875 826 καὶ
895 757 957 843 τήν
977 772 1127 843 γυναῖκα

167 863 247 951 ὑμῖν
259 863 419 942 ἀποδείξω
431 862 522 950 λόγῳ
534 864 595 946 μὲν
607 859 876 943 ἀπολελοιπυῖαν,
887 863 973 947 ἔργῳ
990 857 1026 925 δὲ
1038 880 1126 924 συν·

120 983 122 988 ·
166 971 326 1030 οικοῦσαν
339 961 486 1048 Ἀφόβῳ·
515 966 636 1045 νομίζω
653 958 728 1045 γάρ,
743 954 787 1026 ἀν
797 954 888 1025 τοῦτ’
903 954 1047 1043 ἀκριβῶς
1057 956 1127 1042 μά-

167 1070 267 1147 θητε,
291 1069 418 1146 μάλλον
435 1057 521 1146 ὑμᾶς
537 1058 667 1137 τούτοις
684 1057 744 1145 μὲν
767 1054 977 1142 ἀπιστήσειν,
999 1057 1072 1140 ἐμοὶ
1090 1052 1123 1122 δ’

168 1159 377 1250 ἀδικουμένῳ
395 1157 435 1227 κά
454 1163 564 1226 δίκαια
586 1160 779 1247 βοηθήσειν.
812 1157 982 1243 μάρτυρας
1000 1154 1038 1222 δὲ
1054 1163 1126 1224 τῶν

167 1259 228 1344 μὲν
239 1254 319 1344 ὑμῖν
332 1261 522 1345 παρέξομαι,
534 1267 603 1326 των
620 1257 651 1325 δ’
666 1261 813 1338 ἐπιδείξω
826 1256 953 1342 μεγάλα
964 1255 1125 1342 τεκμήρια

125 1379 158 1431 ‘26
169 1361 223 1424 καὶ
234 1363 358 1435 πίστεις
368 1357 494 1435 ίκανάς.
518 1355 582 1442 ἐγώ
593 1356 668 1443 γάρ,
683 1350 842 1439 ιόάνδρες
855 1355 1020 1438 δικασταὶ,
1040 1353 1125 1438 μετὰ
1133 1367 1177 1423 871

168 1455 204 1524 τὸ
221 1457 414 1542 γεγράφθαι
433 1453 523 1538 παρά
540 1463 587 1544 τῷ
604 1455 740 1541 ἀρχοντι
760 1453 886 1538 ταύτην
908 1450 970 1537 τήν
990 1450 1121 1536 γυναῖκ’

169 1551 429 1620 ἀπολελοιπυῖαν
438 1555 493 1621 καὶ
508 1550 546 1620 τό
560 1553 702 1639 φάσκειν
715 1549 858 1639 Ὀνήτορ’
871 1549 944 1619 ἀντὶ
955 1557 1013 1637 τῆς
1024 1576 1125 1634 προι-

170 1650 228 1731 κός
246 1650 508 1739 ἀποτετιμῆσθαι
523 1650 561 1720 τό
586 1659 709 1738 χωρίου
725 1648 816 1735 ὅρων
829 1651 979 1737 Ἄφοβον
999 1646 1125 1733 ὁμοίως

169 1755 286 1834 ἔχοντα
299 1751 353 1818 καὶ
364 1758 578 1835 γεωργοῦντα
595 1748 657 1837 τήν
667 1758 731 1837 γήν
741 1752 796 1818 καὶ
807 1758 848 1838 τῇ
861 1749 994 1834 γυναικὶ
1004 1770 1124 1817 συνοι-

171 1857 312 1931 κοῦντα,
338 1856 453 1933 σαφεῖς
468 1849 562 1936 ᾔδειν
578 1849 629 1917 ότι
646 1850 744 1934 λόγος
754 1856 859 1916 ταῦτα
870 1852 925 1916 καὶ
937 1846 1121 1934 παραγωγή

126 1971 160 2028 γη
170 1953 231 2012 τοῦ
247 1946 441 2032 πράγματός
459 1950 535 2013 ἐστι.
569 1948 775 2033 βουλόμενος
792 1944 823 2014 δ’
837 1950 968 2033 ἐμφανῆ
985 1952 1124 2033 ποιήσαι

169 2051 273 2112 ταῦτα
289 2055 391 2112 πᾶσιν
409 2042 505 2130 ὑμῖν,
528 2048 706 2132 ἐξελέγχειν
717 2044 822 2114 αὐτόν
837 2043 952 2133 ήξίουν
969 2049 1123 2113 ἐναντίον

169 2143 357 2229 μαρτύρων,
370 2149 401 2212 εί
409 2141 453 2231 μή
466 2142 589 2230 φάσκοι
600 2141 695 2213 ταῦθ’
710 2143 816 2224 οὕτως
825 2150 926 2230 ἔχειν,
944 2145 1000 2212 καὶ
1017 2167 1124 2226 παρε-

170 2248 287 2312 δίδουν
304 2247 435 2330 οἰκέτην
453 2249 499 2323 είς
516 2242 685 2331 βάσανον,
703 2241 740 2323 ὃς
758 2244 895 2333 συνήδει
912 2239 1010 2311 πάντ’
1024 2238 1123 2324 ἀκρι-

169 2349 251 2427 βῶς·
278 2339 319 2408 όν
336 2347 457 2427 ἔλαβον
475 2341 558 2411 κατά
576 2341 639 2430 τήν
655 2342 882 2431 ὑπερημερίαν
890 2346 926 2410 ἐκ
936 2349 1006 2410 τοῖν
1018 2338 1123 2427 Ἀφό-

169 2446 242 2525 βου.
254 2430 352 2516 οὗτος
362 2437 392 2506 δ’
402 2443 485 2525 ἐμοῦ
494 2439 590 2508 ταῦτ’
599 2441 801 2522 ἀξιοόσαντος
812 2444 887 2527 περὶ
898 2442 959 2529 μὲν
968 2450 1030 2509 τοῦ
1037 2461 1123 2535 συν-

170 2550 271 2604 οικεῖν
286 2535 419 2626 Ἀφόβῳ
443 2537 506 2625 τήν
517 2538 666 2627 ἀδελφήν
684 2548 804 2627 ἔφευγε
819 2539 1057 2628 τήνβάσαυον·
1077 2538 1123 2618 ἀς

171 2633 200 2702 δ’
214 2632 276 2702 οὐκ
295 2638 420 2714 ἐκεῖνος
437 2637 592 2722 ἐγεώργει
607 2636 670 2725 τήν
685 2649 766 2725 γῆν,
789 2637 851 2706 οὐκ
875 2637 1004 2708 ἐδύνατ’
1016 2636 1123 2725 ἀρνη-

169 2741 274 2817 θήναι
292 2732 346 2800 διά
361 2737 423 2820 την
445 2737 681 2823 περιφάνειαν,
705 2737 789 2807 ἀλλά
808 2739 1119 2826 προσωμολόγησεν.

126 2859 160 2913 28
171 2831 212 2899 οά
221 2830 329 2918 μόνον
346 2829 378 2898 δ’
392 2833 427 2898 ἐκ
438 2833 566 2900 τούτων
581 2828 624 2920 ήυ
637 2836 756 2924 ῥηίδιον
765 2833 893 2921 γυοίναι
904 2837 956 2906 ότι
967 2839 1023 2906 καὶ
1037 2857 1121 2905 συν-

170 2929 249 3018 ῴκει
266 2939 307 3018 τή
323 2933 456 3017 γυναικὶ
471 2933 527 2999 καὶ
544 2931 580 3000 τό
593 2939 716 3020 χωρίον
735 2938 885 3022 ἐκέκτητο
904 2941 951 3004 ἐτι
969 2937 1050 3020 πρὶν
1065 2961 1121 3021 γε-

169 3030 289 3097 νέσθαι
304 3026 367 3115 τήν
384 3032 496 3117 δίκην,
521 3028 605 3100 ἀλλά
621 3035 676 3101 καὶ
693 3035 725 3113 ἐξ
738 3025 785 3100 ὧν
798 3031 914 3119 όφλάν
925 3033 1120 3119 διεπράξατο

169 3130 243 3213 περὶ
266 3125 387 3195 αὐτῶν.
423 3124 467 3207 ὥς
490 3126 553 3213 γάρ
575 3127 637 3198 οὐκ
661 3129 905 3218 ἀποτετιμηκώς
912 3183 921 3216 ,
944 3129 1014 3199 ἀλλ’
1031 3134 1122 3217 ἐμάν

169 3227 336 3311 ἐσομένων
346 3226 430 3293 κατά
443 3225 505 3313 τήν
517 3232 622 3315 δίκην,
641 3227 734 3314 άμὲν
746 3224 818 3298 οἷόν
828 3225 853 3297 τ’
866 3223 911 3317 ήν
928 3233 1119 3315 ἐξενεγκεῖν,

168 3321 269 3410 ᾤχετο
286 3323 415 3412 λαβών,
433 3325 512 3404 τούς
528 3328 677 3415 καρποὺς
698 3330 753 3394 καὶ
768 3325 808 3396 τά
824 3328 927 3413 σκεάη
949 3323 990 3394 τά
1012 3352 1121 3413 γεωρ-

147 3420 236 3502 γικά
251 3423 367 3493 πάντα
385 3424 475 3515 πλήν
491 3433 771 3495 τωυττιθακνῶν·
794 3425 817 3493 ἀ
834 3426 865 3493 δ’
877 3423 939 3512 οὐχ
957 3420 1029 3520 οἷόν
1040 3423 1066 3493 τ’
1077 3416 1121 3512 ήν
