2370 3854
105 244 126 302 4
308 202 366 302 τοι
402 243 823 306 ΑΗαοΣωκαουΣ

105 413 201 471 τιᾶται
212 401 272 469 κατ’
286 400 378 488 ἆρχᾶς
389 401 500 481 εύθυς
491 404 536 470 ύτι
545 408 647 469 πολλοὶ
658 413 717 503 τῶγ
727 403 889 509 εἰληφότων
899 403 1002 472 είοὶν’
984 406 1058 473 666-

105 497 175 568 ξιοι·
190 482 301 554 ούκοῦν
312 484 405 570 ἔχει
378 515 430 554 τον
440 491 653 571 Λημοσθένους
669 487 761 570 νόμον
771 487 839 565 τούς
856 485 943 568 αἰναξί
942 494 1043 592 ορςέκ

105 578 253 679 κρίνοντα.
290 575 341 637 καλ
353 569 403 637 διὰ
412 579 498 637 τοῦτο
514 598 663 674 πανταχου
650 576 885 674 κατέσπαρται·
908 595 924 633 ο
935 601 994 657 γαρ
1004 599 1058 638 πο-

105 655 157 733 λύς
167 655 281 759 περλ’
244 684 335 724 αυτυυ
323 656 440 761 λόγος
451 658 541 733 ἐθίζει
557 651 624 731 τούς
636 651 775 733 δικαστὰς
794 652 868 740 πρὸς
878 655 932 740 τὴν
944 664 997 724 τού
1009 656 1058 722 16-

105 767 163 824 μου
173 735 244 843 μετίι
255 734 362 843 666666
380 735 576 844 ἆνοίγγωσιν.
591 734 664 841 6666
680 737 744 804 66‘
727 767 772 805 οτι
782 744 929 842 Λεπτίνης
946 743 1059 805 ἐκεῖνον

106 820 224 908 έχειτον
232 822 423 928 ίσχυροτατον
432 820 534 906 λογον,
557 820 596 899 ὡς
613 818 652 888 ίιν
663 849 691 887 οι
683 821 919 890 πλουσιώτατοι
929 832 1058 908 λειτουρ-

103 917 193 1010 γῶσι,
218 903 363 1013 α’τελη
329 911 440 1011 μηδέγα
452 906 598 988 εἶναι,
566 933 600 972 ου
611 904 722 1016 ταύτην
733 911 824 989 ἑθηκε
835 932 989 1010 προηγουμ
990 909 1101 988 ένην45

106 986 287 1101 ύγτίθεσιν,
292 988 409 1057 αλλέι
379 1020 436 1097 την
445 991 698 1091 λυσιτελούσαγ*
664 1017 743 1079 αυτῳ
762 994 812 1056 καί
824 987 885 1095 την
886 993 1060 1098 μέλλουσαν

99 1077 250 1183 εισφερειν
260 1102 311 1140 τον
301 1101 382 1180 παρ
401 1073 492 1140 αὑτοῦ
504 1071 604 1182 νόμον.
634 1072 706 1140 όταν
721 1056 783 1177 γὰρ
797 1069 894 1180 λέγη“
900 1077 952 1138 καὶ
963 1072 1058 1176 τούτῳ

99 1155 245 1222 πλείστα
225 1181 428 1260 χρησεται
399 1185 440 1223 τω
427 1154 555 1246 λογω,
579 1163 725 1261 σοφιζεται
735 1185 802 1233 τους
812 1183 990 1233 ακουοντας
1023 1139 1060 1222 6

104 1238 203 1345 γέιρ
174 1249 215 1305 τοῑ
224 1224 360 1326 περὶτῶν
371 1224 499 1320 ἆνύξίων
509 1249 608 1327 πολλῶ
619 1239 753 1325 χρήσεται
762 1239 855 1344 λόγῳ,
867 1234 942 1306 6666
952 1267 993 1327 τρο
981 1245 1059 1322 66-

105 1306 203 1392 λονύτί
214 1323 405 1405 σπανίζειν
374 1354 445 1429 την
437 1324 574 1391 πόλιν
534 1353 593 1390 των
588 1308 868 1432 λειτουργούντων,
871 1327 922 1390 καὶ
932 1331 974 1410 τῷ
984 1344 1059 1428 συρ-

106 1414 207 1515 φέρειν
217 1415 403 1492 μετατιθέναι
414 1405 465 1486 τὰς
478 1403 686 1493 λειτουργίας
668 1408 727 1474 απὸ
737 1418 797 1475 τῶν
808 1405 930 1491 ἆττόρων
941 1413 980 1483 τίς
990 1404 1059 1483 τούς

106 1489 256 1599 εὐπόρους.

181 1576 264 1640 Ἔστι
277 1573 345 1641 66
317 1603 350 1641 το
361 1578 428 1682 μέν
425 1575 502 1652 εἶδος
514 1603 565 1640 του
553 1574 665 1659 λόγου
678 1573 901 1656 δικανικὸν,”
872 1602 896 1640 ει
912 1604 945 1661 γε
962 1581 1059 1678 κρίσις

105 1661 183 1767 έστίγ
194 1662 241 1723 ἐπὶ
250 1669 292 1745 τῷ
302 1657 394 1748 νόμῳ,
401 1657 479 1765 666
487 1685 520 1742 γε
530 1658 586 1740 ύλη
596 1658 678 1724 πᾶσαί
688 1662 748 1724 έστι
758 1666 864 1762 διπλῆ,
884 1663 935 1724 καί
946 1659 1058 1764 ταύτης

103 1737 259 1826 ἡμένέστι
272 1725 499 1854 6666666,666
509 1742 750 1846 συμβουλευτικη
782 1739 960 1854 6666
940 1772 979 1808 αν
990 1739 1059 1808 ουδε

103 1835 308 1936 πανηγυρικῆς
330 1830 446 1902 ἰδέας’
428 1834 608 1932 αμοιροῦντα
625 1822 677 1891 τὸν
693 1825 797 1936 λύγορ,
821 1824 913 1902 ένοις
922 1852 1059 1933 πειραται

105 1907 259 1992 σεμνύνειν
274 1913 396 1975 ἕκαστον
411 1918 471 1975 τῶν
488 1907 657 2012 εὐεργετῶν
678 1905 802 1993 καὶγὰρ
821 1911 953 2012 ἕντριῦθα
956 1907 1057 2015 εὑρή-

66 2034 70 2041 -
106 2013 165 2069 σεις
176 1993 295 2072 ύξια
254 2020 313 2058 των
323 1989 443 2078 ἀνδρῶν
453 1991 597 2098 ἐγκώμια,
616 1995 667 2056 καλ
678 1991 782 2098 λόγους
799 1987 940 2077 εὐφήμως
950 1989 1057 2099 έρρμύτ·

104 2103 207 2179 τογτας
217 2085 281 2152 ταῖς
293 2079 412 2142 ἐκείνων
422 2074 616 2176 προίξεσιν,ο
600 2073 694 2140 οἷον
676 2103 714 2151 ως
728 2072 801 2141 όταν
808 2077 988 2178 έμπομπεύη
998 2086 1059 2151 τοῖς

104 2158 243 2266 Κύνωνος
254 2187 304 2226 και
294 2163 447 2246 Χαβρίου
459 2156 687 2269 κατορθώμασι
679 2161 729 2221 καί
739 2168 800 2232 τοῖς
808 2143 998 2245 Ἐπικέρδούς
1009 2163 1060 2262 κριλ

104 2253 163 2310 τῶν
173 2247 205 2315 ἐκ
220 2241 319 2310 Θύσου
332 2273 382 2310 και
372 2248 548 2348 Κορίνθου
560 2270 610 2306 και
601 2239 790 2318 Λεύκωνος.
814 2245 892 2309 ἰτέον
903 2246 935 2309 66
947 2238 1037 2308 ἐπὶ
1005 2270 1060 2327 την

14 2345 17 2350 ’
103 2335 297 2415 μεταχείρισιν
306 2356 358 2394 τοο
346 2326 468 2412 λόγου.

176 2565 316 2650 ’Ἄνδρες
327 2563 491 2648 δικασταὶ,
511 2563 651 2646 μάλιστα
661 2562 723 2646 μὲν
735 2565 832 2630 ἕνεκα
843 2568 904 2627 τοῦ
913 2564 1058 2643 νομίζειν
1067 2586 1102 2640 45

103 2668 287 2750 συμφέρειν
296 2670 338 2749 τῇ
354 2660 448 2728 πόλει
457 2658 618 2727 λελύσθαι
633 2657 693 2728 τὸν
702 2661 826 2745 νόμον,
851 2657 918 2726 εἶτα
930 2659 1059 2725 καὶτοῦ

102 2760 219 2840 παιδὸς
230 2763 328 2830 ἕνεκα
340 2769 402 2829 τοῦ
413 2766 564 2846 Χαβρίου
576 2756 775 2845 ὁμολόγησα
793 2756 937 2839 τούτοις,
957 2753 1002 2835 οἱς
1013 2752 1058 2824 τ’ἰν

104 2858 173 2940 οἷός
185 2888 218 2928 τε
231 2853 269 2946 6,
282 2873 445 2942 συνερεῖν.
458 2863 525 2925 ἔστι
536 2856 569 2925 6’
577 2854 640 2924 οὐκ
648 2855 783 2941 ἄδηλον,
793 2848 820 2922 6
831 2855 950 2937 ἄνδρες
958 2852 1059 2939 Ἀθη-

104 2975 207 3046 ναῖοι,
218 2956 326 3039 τοῦθ’,
339 2957 390 3026 ὅτι
400 2963 573 3042 Λεπτίνης,
585 2953 650 3022 κᾶν
660 2980 710 3030 τις
720 2952 819 3030 ἄλλος
830 2949 914 3035 ὑπὲρ
925 2960 986 3018 τοῦ
998 2953 1060 3020 νό-

104 3085 170 3145 μον
181 3061 270 3144 λέγῃ,
284 3061 413 3124 δίκαιον
424 3057 485 3141 μέν
497 3051 598 3121 οὐδέν
609 3056 678 3135 ἐρεῖ
686 3054 760 3132 περὶ
772 3047 892 3132 αὐτοῦ,
911 3050 1011 3135 φήσει
1026 3053 1058 3115 6'

104 3156 259 3236 ἀναξίους
269 3153 362 3234 τινας
373 3153 577 3240 ἀνθρώπους
595 3147 796 3274 εὑρομένους
807 3146 1059 3214 ἀτέλειανέκὸε-

105 3253 287 3323 θυκέναι
252 3282 311 3332 τας
322 3257 544 3335 λειτουργίας,
562 3250 617 3316 καὶ
634 3246 742 3334 τούτῳ
754 3253 893 3334 πλείστῳ
904 3245 1059 3332 γρησεται

78 3361 151 3445 θεῷ
161 3354 260 3443 λόγῳ.
284 3348 430 3468 6666'‘'
410 3381 461 3420 οτι
481 3348 543 3434 μὲν
551 3373 654 3414 τινων
672 3351 922 3429 κατηγοροῦντα
933 3343 1059 3467 πάντας

101 3450 320 3534 ιίφαιρεῑσθαι
332 3446 396 3534 τὴν
411 3443 540 3532 δωρεὰν
550 3453 619 3512 τῶύ
630 3442 756 3511 ἀδίκων
779 3445 868 3510 ἐστὶν
884 3441 989 3508 έύσω
1004 3445 1059 3509 καὶ
