2370 3854
146 205 206 268 318
332 205 440 262 xxvu.
476 200 897 262 ΔΗΜΟΣΘΕΝΟΤΣ

144 360 249 450 ἔχοντ’
263 359 366 430 αὐτὸν
377 361 442 448 έγά
452 363 601 440 ἐπιδείξω
612 368 687 444 νῦν,
698 363 904 447 Θηριππίδης
916 360 951 429 δὲ
963 359 1026 428 δύο
1036 361 1101 432 τά-

144 471 258 548 λανια,
268 467 444 548 Δημοφῶν
454 457 484 527 δ’
500 457 580 529 ἑπτά
591 460 646 527 καί
657 455 864 544 ὀγδοήκοντα
874 466 968 545 μνᾶς.
996 466 1100 529 τοῦτο

145 560 177 630 δ’
189 563 257 630 ἐστὶ
273 562 371 629 πέντε
380 559 525 626 τάλαντα
536 561 590 626 καί
601 560 836 625 πεντεκαίδεκα
851 571 939 643 μναῖ
972 559 1100 626 τούτου

144 667 260 729 τοίνυν
270 657 292 728 δ
303 663 365 746 μὲν
375 656 437 744 οὐχ
449 656 584 739 ἅθρουν
595 656 745 742 ἐλήφθη,
764 655 886 741 σχεδόν
903 661 988 724 εἰσιν
999 658 1099 744 ἕβδο·

144 758 292 846 μηκοντα
302 772 386 845 μναῖ
392 758 447 826 καὶ
459 755 540 824 ἑπτὰ
547 806 558 841 ,
574 754 595 842 ἡ
607 750 802 840 πρόσοδοςὴ
815 751 879 822 ἀπδ
891 762 959 822 τοῖν
969 751 1098 840 ἀνδρα-

145 858 269 939 πόδων,
283 853 303 923 δ
315 854 348 922 δ’
361 853 467 932 εὐθὺς
477 859 599 940 ἔλαβον
611 843 715 937 οὗτοι,
722 859 843 937 μικροῦ
854 854 972 921 δέοντα
983 855 1099 950 τέττα-

145 983 188 1042 ρα
197 957 357 1024 τάλαντα·
381 949 429 1033 οἷς
440 949 478 1020 τδ
498 947 686 1036 πρόσεργον
700 947 744 1019 ἀν
760 959 932 1038 προσθῆτε
949 953 1002 1020 ἐπὶ
1014 955 1098 1037 δρα-

144 1061 209 1142 χμῇ
220 1053 327 1140 μόνον
337 1060 405 1121 τῶν
418 1055 496 1120 δέκα
507 1055 600 1134 ἐτῶν,
613 1045 699 1118 ὀκτώ
709 1049 854 1118 τάλαντα
866 1047 1023 1137 εὑρήσετε
1031 1049 1098 1119 σὺν

101 1167 212 1233 ςςτοῖς
223 1150 370 1238 ἀρχαίοις
388 1153 444 1218 καὶ
454 1152 709 1234 τετρακισχιλίας
725 1153 931 1234 γιγνομένας.
963 1150 1027 1236 τὴν
1036 1149 1098 1236 μέν

145 1257 261 1319 τοίνυν
277 1247 408 1336 τροφὴν
424 1246 490 1316 ἀπὸ
509 1256 578 1316 τοῖν
592 1247 818 1335 ἑβδομήκοντα
838 1259 934 1336 μνῶν
949 1250 1005 1317 καὶ
1016 1249 1097 1318 ἕπτά

145 1353 315 1436 λογιστέον
326 1357 393 1416 τῶν
406 1345 471 1415 ἀπὸ
482 1354 544 1415 τοῦ
561 1349 778 1433 ἐργαστηρίου
794 1350 992 1440 γενομένων.
1028 1355 1098 1436 Θη-

145 1453 299 1534 ριππίδης
314 1444 378 1533 γάρ
391 1444 472 1515 έπιά
491 1452 574 1532 μνᾶς
590 1449 702 1513 ἐδίδου
717 1441 793 1513 καθ’
805 1448 945 1514 ἕκαστον
955 1443 1016 1515 τδν
1028 1451 1098 1516 ἐνι-

145 1544 305 1623 αυτόνείς
315 1552 429 1628 ταῦτα,
447 1544 502 1612 καὶ
512 1541 605 1629 ἡμεῖς
615 1551 713 1612 τοῦτο
725 1551 839 1631 λαβεῖν
856 1543 1096 1632 ὁμολογοῦμεν.

146 1645 230 1712 ὥστε
251 1643 478 1732 ἑβδομήκοντα
499 1649 594 1730 μνῶν
616 1647 653 1711 έν
671 1657 739 1722 τοῖς
761 1646 839 1712 δέκα
860 1650 945 1712 ἔτεσι
964 1643 1098 1731 τροφὴν

143 1744 273 1813 τούτων
288 1739 367 1830 ἡμῖν
387 1740 610 1828 ἀνηλωκότων
630 1739 667 1810 τό
689 1740 806 1828 περιὸν
825 1740 884 1819 τὰς
901 1744 1152 1826 ἑπτακοσίαςρςρ

143 1848 345 1927 προστίθημι
364 1839 491 1927 αὐτοῖς,
515 1840 714 1908 καὶτούτων
730 1848 831 1909 πλείω
848 1842 912 1927 είμὶ
927 1840 1096 1922 τεθεικώς.

143 1935 164 2006 δ
175 1937 207 2005 δ’
222 1940 291 2023 ἐμοὶ
304 1941 539 2024 δοκιμασθέντι
549 1943 738 2022 παρέδοσαν
745 1943 799 2007 καὶ
809 1938 892 2007 ὅσον
902 1947 949 2018 είς
958 1937 1021 2027 τὴν
1032 1941 1098 2009 πό-

143 2046 197 2105 λιν
208 2036 453 2123 είσενηνόχασι,
474 2044 573 2105 τοῦτο
593 2035 658 2105 ἀπὸ
673 2046 740 2106 τοῖν
758 2036 843 2107 ὀκτώ
856 2040 1030 2109 ταλάντων
1040 2043 1097 2110 καί

102 2158 134 2215 37
144 2141 204 2202 τοῦ
216 2134 401 2222 προσόντος
417 2132 616 2224 ἀφαιρετέον
633 2140 731 2206 ἐστίν.
764 2137 932 2207 ἀπέδοσαν
948 2139 1010 2226 μὲν
1025 2147 1097 2208 τοί-

144 2261 209 2303 νυν
229 2225 326 2313 οὖτος
342 2237 398 2303 καὶ
415 2241 620 2324 Θηριππίδης
643 2243 722 2323 μίαν
740 2240 794 2307 καί
805 2238 982 2323 τριάκοντα
998 2247 1096 2326 μνᾶς,

144 2331 301 2419 είσφοράς
318 2331 349 2401 δ’
369 2340 611 2422 εἰσενηνοχέναι
634 2342 816 2422 λογίζονται
837 2343 934 2405 δυοῖν
954 2337 1097 2418 δεούσας

144 2443 247 2501 εἴκοσι
265 2440 358 2518 μναῖς.
393 2431 458 2518 έγω
476 2433 508 2502 δ’
521 2431 722 2522 ὑπερβαλών
738 2444 837 2503 τοῦτο
854 2435 983 2523 ποιήσω
1000 2436 1095 2521 τριά-

144 2557 245 2598 κοντα
265 2537 361 2617 μνᾶς,
383 2535 439 2600 ἵνα
460 2530 544 2617 πρὸς
566 2540 669 2599 ταῦτα
690 2533 768 2620 μηδ’
780 2532 945 2603 ἀντειπεῖν
964 2534 1094 2622 ἔχωσιν.

144 2629 271 2699 οὐκοῦν
281 2625 324 2698 ἀν
335 2628 478 2719 ἀφέλητε
493 2629 530 2699 τό
542 2632 705 2700 τάλαντον
717 2630 781 2702 ἀπὸ
792 2641 861 2701 τῶν
872 2632 958 2702 ὀκτώ
970 2635 1096 2704 ταλάν-
1159 2650 1166 2661 ’

142 2755 227 2814 των,
246 2727 326 2798 ἕπτά
337 2727 378 2797 τά
395 2730 576 2816 λειπόμενά
586 2731 670 2815 ἐστι,
692 2734 747 2798 καὶ
757 2730 870 2816 ταῦτ’,
892 2735 925 2812 ἐξ
938 2725 987 2800 οἶν
999 2731 1095 2802 αὐτοὶ

142 2833 257 2914 λαβεῖν
278 2825 496 2913 ὁμολογοῦσι,
523 2827 663 2906 τούτους
683 2834 769 2914 ἔχειν
789 2831 878 2897 ἐστὶν
899 2827 1092 2917 ἀναγκαῖον.

141 2930 241 2992 τοῦτο
258 2928 391 3011 τοίνυν,
414 2929 445 2992 εί
460 2926 515 2993 καί
530 2923 633 2993 τᾶλλα
649 2926 757 2995 πάντα
775 2925 1020 3015 ἀποστεροῦσιν
1031 2928 1095 3015 ἀρ·

142 3022 301 3111 νούμενοι
317 3020 362 3109 μη“
374 3027 475 3110 ἔχειν,
498 3022 683 3094 ἀκοδοῦναι
699 3037 867 3113 προσῆκεν
885 3025 1095 3114 ὁμολογοῦν-

99 3123 200 3206 ηςτάς
210 3148 247 3208 γε
259 3129 374 3209 λαβεῖν
384 3132 488 3192 ταῦτα
498 3126 533 3191 έκ
544 3130 614 3191 των
624 3127 722 3212 ἐμῶν.
755 3133 821 3193 νῦν
832 3125 867 3196 δὲ
877 3133 912 3194 τί
919 3133 1093 3207 ποιοῦσενς

141 3224 241 3303 ἔργον
251 3221 314 3308 μὲν
324 3220 425 3291 οὐδὲν
436 3220 663 3310 ἀποφαίνουσι
673 3237 740 3303 τοῖς
750 3223 931 3311 χρήμασιν,
953 3219 1039 3291 αὐτὰ
1056 3225 1094 3291 δὲ

141 3317 182 3383 τά
199 3316 318 3404 ἀρχαῖα
335 3321 444 3390 πάντα
461 3322 670 3410 ἀνηλωκέναι
688 3326 769 3409 φασὶ
788 3323 853 3391 σάν
863 3336 934 3401 ταῖς
944 3318 1025 3390 έπτά
1037 3321 1093 3391 καὶ

141 3414 369 3502 ἑβδομήκοντα
379 3437 490 3506 μναῖς·
512 3423 1095 3507 Δημοφωνδὲκαίπροσοφείλοντας

68 3568 95 3624 ἱ
