2370 3854
306 210 442 272 ΥΠΕΡ
471 208 808 273 ΦΟΡΜΙΩΝΟΣ.
973 210 1037 274 427

83 374 265 456 μαρτυρίας
275 372 393 456 ἐφεξῆς
401 376 470 437 τῶν
478 368 665 456 παρόντων,
677 367 728 438 ὅτ’
740 369 832 457 ἠφίει
841 381 899 460 τῆς
907 371 1098 461 μισθάθσλ

84 488 168 547 σεως
184 469 239 535 καί
255 475 324 535 τῶν
337 466 450 535 ἀλλων
470 465 630 535 ἀπάντων
650 470 864 555 ἐγκλημάτων
876 468 1038 540 Ἀπολλό-

85 572 192 651 δωρος
203 573 391 653 Φορμίωνα.
415 568 498 652 λαβέ
509 591 564 652 μοι
573 567 632 646 τὰς
642 574 824 653 μαρτυρίας
834 571 972 637 ταυτασὶ
983 569 1038 637 καλ

84 663 272 753 τόυνόμον.

323 782 587 847 ΜΛΡΊῪΡΙΛΙ.
615 782 792 845 ΝΟΜΟΣ.

39 911 75 965 w
166 887 316 959 Ἀκοάετε
326 898 387 959 τοῦ
398 891 505 977 νόμον
514 892 678 975 λέγοντος,
691 880 1035 976 ἀάνδρεςἏθηυαίοι,

83 987 126 1057 τά
145 1013 181 1056 τε
200 987 286 1056 ἀλλα
308 1016 357 1056 ου
377 988 422 1075 μὴ
440 986 524 1056 είναι
543 991 636 1064 δίκας
652 988 707 1054 καὶ
724 984 787 1055 ὅσα
803 1013 852 1066 τις
867 985 997 1074 ἀφῆκεν
1013 984 1037 1073 ἢ

84 1084 281 1174 ἀπήλλαξεν.
312 1085 460 1164 εἰκότως·
483 1090 515 1152 εί
521 1085 586 1170 γάρ
598 1087 667 1151 ἐστι
678 1087 822 1169 δίκαιον,
837 1074 886 1152 οἷν
896 1080 941 1152 ἀν
951 1083 1037 1165 ἅπαξ

83 1189 218 1272 γένηται
242 1190 332 1271 δίκη,
353 1181 466 1270 μηκέτ’
489 1185 608 1262 ἐξεῖναι
629 1180 836 1266 δικάζεσθαι,
859 1182 946 1249 πολύ
968 1190 1036 1249 τῶν

82 1281 282 1368 ἀφεθέντων
297 1279 503 1366 δικαιότερον
518 1279 562 1366 μη
581 1279 665 1347 εἰναι
682 1283 784 1358 δίκας.
816 1277 834 1346 ὁ
851 1278 986 1366 μὲνγὰρ
997 1281 1035 1348 ἐν

83 1377 163 1467 ὑμῖν
185 1375 337 1466 ἡττηθεὶς
357 1375 429 1463 τάχ’
452 1373 496 1444 ἀν
517 1386 604 1446 είποι
624 1384 722 1445 τοῦτο
745 1374 789 1455 ἀς
809 1378 1036 1464 ἐξηπατηθητε

73 1475 189 1564 ὧμείς·
212 1475 231 1547 ὁ
249 1479 285 1547 δὲ
302 1474 409 1544 αὑτοῦ
425 1483 578 1562 φανερῶς
594 1472 781 1559 καταγνοὺς
796 1477 852 1541 καὶ
867 1472 963 1559 ἀφεὶς
979 1480 1034 1544 καί

80 1577 285 1663 ἀπαλλάξας,
306 1575 370 1644 τίν’
388 1572 432 1645 ἀν
449 1577 568 1645 ἑαυτὸν
584 1580 692 1643 αἰτίαν
715 1572 945 1660 αἰτιασάμενος
966 1583 1034 1643 τῶν

81 1676 193 1746 αὐτῶν
205 1676 305 1743 πάλιν
315 1674 449 1754 εἰκότως
460 1676 638 1755 δικάζοιτο;
650 1670 810 1758 οὐδεμίαν
821 1672 938 1758 δήπου.
963 1673 1036 1742 διό·

81 1801 144 1862 περ
163 1783 261 1844 τοῦτο
282 1780 417 1857 πρῶτον
432 1777 576 1857 ἔγραψεν
593 1769 611 1839 ὁ
628 1770 690 1839 τόν
706 1770 813 1855 νόμον
831 1771 904 1848 θεὶς
923 1761 972 1837 οἶν
988 1767 1033 1857 μὴ

82 1872 166 1942 είυαι
183 1877 293 1959 δίκας,
312 1871 375 1940 ὅσα
391 1896 441 1950 τις
450 1866 612 1958 ἀφῆκενῆ
623 1868 818 1956 ἀπήλλαξεν.
851 1865 967 1957 άτῷδε
977 1873 1035 1955 γέ-

80 1998 182 2057 γονεν
200 1970 389 2060 ἀμφότερα·
409 1973 465 2039 καὶ
481 1968 546 2056 γὰρ
564 1970 671 2055 ἀφῆκε
688 1967 744 2036 καὶ
762 1965 957 2054 ἀπήλλαξεν.
991 1963 1035 2045 ὡς

83 2066 114 2137 δ’
134 2069 245 2158 ἀληθῆ
260 2072 363 2156 λέγω,
384 2070 630 2154 μεμαρτύρηται
648 2063 745 2150 ὑμῖν,
768 2058 796 2132 οδ
806 2061 1035 2149 άνδρεςἈθη-

36 2183 256 2351 Ξθναῖοιάίαβί
269 2263 310 2349 δή
322 2286 377 2346 μοι
388 2262 443 2328 καί
456 2257 516 2326 τὸν
526 2265 583 2342 τῆς
593 2262 799 2341 προθεσμίας
813 2254 929 2340 νόμον.

463 2407 640 2469 ΝΟΜΟΣ.

160 2513 194 2583 Ὁ
205 2515 266 2601 μὲν
276 2520 391 2582 τοίνυν
402 2515 522 2600 νόμος,
543 2507 700 2600 άάνδρες
710 2512 898 2600 Ἀθηναῖοι,
917 2519 1032 2598 σαφῶς

82 2611 203 2682 οὑτωσὶ
219 2609 279 2679 τόν
296 2609 417 2697 χρόνον
436 2608 571 2695 ὥρισεν·
590 2608 838 2690 Ἀπολλόδωρος
860 2607 891 2676 δ’
918 2607 1031 2676 οὑτοσὶ

83 2709 362 2798 παρεληλυθότων
371 2712 456 2777 ίτων
466 2703 599 2794 πλέονῆ
610 2718 714 2776 εἰκοσι
724 2705 786 2794 τὴν
797 2709 918 2774 ἑαυτοῦ
928 2727 1031 2773 συκο·

83 2815 225 2894 φαντίαυ
240 2807 407 2891 άξιοῖπερί
418 2813 568 2886 πλείονος
580 2803 665 2894 ὑμᾶς
675 2806 880 2892 ποιήσασθαι
891 2815 959 2875 τῶν
970 2805 1031 2874 νό-

81 2934 170 2992 μων,
188 2906 270 2973 καθ’
283 2903 342 2985 οάς
354 2903 563 2992 ὀμωμοκότες
575 2903 727 2984 δικάζετε.
759 2910 866 2973 καίτοι
877 2913 956 2971 πάσι
969 2902 1031 2989 μὲν

81 3017 148 3083 τοῖς
165 3003 279 3088 νόμοις
295 3006 467 3089 προσέχειν
478 3004 564 3082 εἰκός
577 3001 651 3071 ἐσθ’
665 2998 766 3089 ὑμᾶς,
789 2999 849 3086 οὐχ
862 3000 979 3087 ἥκιστα
993 3000 1030 3067 δὲ

33 3120 71 3179 27
80 3100 196 3190 τούτῳ,
209 3093 236 3168 ά
247 3099 550 3189 ἀνδρεςἈθηναΐοι.
575 3107 668 3170 δοκεῖ
674 3100 738 3187 γάρ
748 3124 805 3185 μοι
814 3101 869 3166 καί
880 3095 898 3166 ὁ
908 3096 1030 3166 Σόλων

80 3195 219 3276 οὐδενός
235 3194 338 3265 άλλου
355 3199 453 3266 ἕνεκα
464 3209 574 3267 θεῖναι
584 3193 721 3284 αάτδνῆ
730 3204 791 3266 τοῦ
801 3193 845 3282 μὴ
858 3216 1032 3280 συκοφαν-

80 3292 314 3379 τείσθαιὺμιῖς.
348 3309 416 3376 τοῖς
427 3296 488 3382 μὲν
498 3296 562 3384 γάρ
574 3296 806 3383 ἀδικουμένοις
816 3293 856 3370 τά
868 3298 964 3362 πέντε
975 3298 1030 3378 ἔτη
1088 3306 1097 3321 ·

81 3392 201 3462 ἰκανδν
212 3391 348 3480 ἡγήσατ’
361 3392 445 3462 εἶναι
456 3397 709 3480 εἰσπράξασθαι·
725 3391 808 3462 κατά
821 3391 856 3461 δὲ
867 3399 935 3460 τάν
946 3405 1030 3470 ψευ-
1039 3401 1091 3456 953
