2370 3854
175 205 238 268 364
350 205 470 261 eXXXI.
505 195 926 260 ΔΗΜΟΣΘΕΝΟΤΣ

176 372 304 451 γίνοιτο
321 363 499 450 τεκμήριον
516 357 596 444 ὑμῖν
613 364 675 424 τοῦ
691 354 795 440 μηδὲν
810 352 932 439 ἀληθὲς
944 362 1009 420 νῦν
1019 355 1131 441 λέγειν

177 458 335 549 τοῦτονῆ
347 467 377 530 εί
387 465 506 546 φανείη
518 455 562 581 μὴ
579 453 682 575 ταύτὰ
689 457 800 573 ’λε’χωη
809 467 877 531 τοῖς
891 455 924 532 ἐξ
936 450 1036 573 ἀρχῆς
1054 451 1133 538 περὶ

903 566 917 581 Μ

178 571 245 628 τών
261 557 389 639 αὐτών;
409 561 480 643 ἐμοὶ
497 583 558 642 μεν
575 581 639 640 γαρ
658 553 756 620 ουδὲν
768 579 812 619 αν
824 557 1048 620 δοκειτουτου
1059 567 1133 638 μεῖ-

180 667 235 740 ζον
247 657 438 744 εὑρεθῆναι.

153 789 169 842 ς
263 758 444 837 Σκίνασθε
455 761 571 821 τοίνυν
581 750 643 838 την
655 749 835 834 ἀναίδειαν,
849 748 886 828 δς
896 752 934 818 ἐν
944 747 1024 835 ὑμῖν
1037 751 1133 818 ἐτόλ·

181 878 284 943 μησεν
296 862 401 922 εἰπεῖν
415 852 459 932 ώς
471 851 533 920 οάκ
545 850 721 932 ἀποστερεῖ
734 875 774 934 με
792 847 861 940 ὅσω
872 855 1025 927 πλείονος
1036 846 1134 930 ἀξιόν

181 959 248 1022 ἐστι
257 951 440 1034 ταλάντου,
458 953 514 1017 καὶ
531 945 620 1016 ταῦτ’
634 945 735 1026 αὐτὸς
752 947 888 1033 τιμήσας
906 946 968 1015 οόκ
979 947 1134 1028 ἀξιονεῖ-

180 1079 236 1120 ναι
248 1057 409 1126 πλείονος.
439 1056 472 1115 τί
487 1046 551 1134 γάρ
569 1047 773 1134 βουλόμενος
786 1051 952 1133 δισχιλίων
963 1055 1134 1134 προσωρί-

181 1171 228 1217 σω
239 1147 300 1234 την
311 1153 435 1231 οἰκίαν,
448 1146 502 1215 ὅτε
513 1145 571 1226 τάς
583 1145 788 1232 ὀγδοήκοντα
798 1154 884 1231 μνᾶς
897 1147 1080 1233 ἐνεκάλεις,
1104 1157 1137 1217 εί

179 1275 218 1334 γε
235 1247 272 1314 τό
288 1253 411 1332 χωρίον
428 1245 521 1326 ἀξιον
536 1239 581 1332 ἦν
599 1252 768 1330 πλείονος,
791 1243 860 1313 ἀλλ’
873 1245 936 1314 οὐκ
954 1249 1006 1314 ἐπὶ
1023 1246 1134 1335 τούτῳ

155 1344 238 1424 ττάς
249 1344 406 1432 δισχιλίας
417 1348 553 1423 ἐτίθεις;
575 1341 598 1431 ἢ
617 1344 700 1413 ὅταν
716 1347 779 1431 μέν
796 1364 849 1411 σοι
867 1349 952 1432 δοκῇ
970 1345 1081 1412 πάντα
1092 1345 1135 1412 τά

178 1443 326 1531 Ἀφόβου
338 1443 526 1528 διασώζειν,
545 1444 584 1510 τό
600 1469 634 1510 τε
651 1450 774 1530 χωρίον
791 1447 881 1510 ἔσται
891 1441 1058 1510 ταλάντου
1069 1443 1136 1528 μό-

182 1568 244 1610 νον
256 1541 360 1624 ἀξιον,
371 1540 499 1628 κοίτην
511 1548 619 1611 οίκίαν
630 1545 667 1609 ἐν
678 1545 848 1626 δισχιλίαις
859 1543 1044 1627 προσέξεις,
1062 1539 1087 1628 ἥ
1098 1567 1135 1610 τε

183 1642 277 1726 προὶξ
288 1637 495 1726 ὀγδοήκοντα
509 1639 807 1726 μναλχενήσονται,
819 1642 874 1708 καὶ
885 1637 1035 1719 ἀξιώσεις
1047 1645 1135 1725 ἔχειν

183 1735 370 1823 ἀμφότερα·
396 1735 479 1804 όταν
496 1741 536 1806 δέ
550 1758 603 1805 σοι
613 1737 657 1824 μὴ
671 1743 840 1826 συμφέρη,
861 1735 1020 1806 τάναντία
1031 1738 1136 1807 πάλιν

183 1834 276 1919 ἡμὲν
286 1840 374 1901 οἰκία
385 1836 568 1918 ταλάντου,
587 1837 670 1904 διότι
682 1844 748 1904 νῦν
759 1834 823 1922 ἐγώ
835 1837 961 1923 ταύτην
971 1841 1051 1923 ἔχω,
1071 1845 1135 1906 τοῦ

184 1933 219 1998 δὲ
228 1937 352 2017 χωρίου
362 1929 399 1997 τό
412 1934 530 2017 περιόν
547 1930 609 2001 οάκ
629 1935 802 2012 ἐλάττονος
818 1930 950 2019 η’δυοιν
960 1935 1071 2019 ἀξιον,
1092 1934 1177 2016 ἵν’ρη

157 2028 246 2114 ςέχώ
260 2033 349 2098 δοκώ
356 2030 516 2118 βλάπτειν
526 2032 663 2118 τοῦτον,
683 2030 747 2100 οάκ
760 2031 1025 2118 ἀποστερεῖσθαι.
1052 2031 1135 2125 ὁρᾷς

185 2127 228 2208 ώς
238 2126 412 2215 ὑποκρίνει
422 2129 483 2215 μὲν
493 2132 673 2200 δεδωκέναι
682 2129 745 2218 την
757 2143 889 2218 προῖκα,
896 2137 1008 2216 φαίνει
1019 2133 1055 2201 δὲ
1065 2130 1135 2201 κατ’

185 2225 261 2294 οὐδ’
280 2225 439 2296 ὁντινοῦν
454 2231 580 2315 τρόπον
598 2232 767 2312 δεδωκώς;
796 2228 837 2297 τά
859 2227 923 2317 χάρ
948 2228 1059 2317 ἀληθῆ
1080 2235 1135 2300 καί

185 2325 228 2412 μη
241 2328 518 2415 κακουργούμενα
528 2338 596 2398 τών
612 2331 815 2416 πραγμάτων
833 2325 962 2413 ἀπλώς,
985 2325 1029 2396 οἷ’
1040 2325 1085 2397 ἀν
1102 2331 1135 2410 ἐξ

186 2423 286 2509 ἀρχῆς
298 2434 443 2515 πραχθῇ,
454 2428 583 2495 τοιαῦτ’
595 2433 676 2496 ἐστί·
700 2429 743 2496 σύ
754 2428 790 2496 δὲ
801 2426 998 2495 τούναντίον
1010 2430 1135 2514 ἐξελέχ-

185 2547 234 2605 χει
245 2521 368 2607 πράξας
380 2529 425 2603 είς
434 2522 496 2612 τὴν
506 2523 581 2594 καθ’
593 2523 690 2612 ἡμῶν
702 2523 896 2612 ὑπηρεσίαν.

159 2639 175 2691 9
251 2620 372 2701 ,Ἄξιον
382 2629 499 2691 τοίνυν
509 2626 563 2691 καὶ
574 2623 635 2692 τάν
645 2623 765 2710 ὅρκον,
784 2623 903 2692 ὁποῖόν
918 2621 977 2689 τιν’
990 2618 1035 2690 ἀν
1045 2622 1136 2709 ώμο-

188 2739 256 2801 σευ,
269 2729 303 2785 εί
310 2746 358 2797 τις
370 2725 503 2806 ἔδωκεν,
515 2724 551 2788 ἐκ
563 2724 693 2790 τούτων
705 2728 796 2791 ἰδεῖν.
827 2721 864 2801 ὃς
875 2720 939 2808 χάρ
951 2721 1136 2808 ἀγδοήκον-

187 2842 226 2881 τα
237 2823 321 2899 μνᾶς
333 2822 395 2903 ἔφη
407 2818 468 2903 την
480 2818 590 2902 προῖκ’
605 2819 706 2906 εἶναι,
725 2827 755 2890 εί
765 2818 828 2888 τότ’
840 2819 929 2910 αὐτῷ
942 2846 990 2898 τις
1001 2824 1134 2906 ἔδωκεν,

187 2912 346 3001 ὀμόσαντι
363 2914 457 2983 ταῦτ’
469 2914 581 3004 ἀληθῆ
597 2919 721 3004 λέγειν,
739 2925 958 3003 κομίσασθαι,
976 2925 1011 2985 τί
1023 2920 1136 3004 όποίη·

188 3036 246 3081 σευ
263 3012 323 3096 ἀν;
339 3009 362 3101 ἢ
379 3018 482 3102 δῆλον
500 3014 550 3084 ότι
570 3015 694 3102 ώμοσε·
717 3024 750 3084 τί
759 3015 823 3101 χάρ
833 3019 888 3084 καὶ
899 3020 1006 3102 λέγων
1016 3015 1059 3082 οὐ
1069 3012 1136 3103 φή-

188 3134 237 3180 σει
248 3110 312 3180 τότ’
325 3109 369 3182 ἀν
380 3111 500 3200 όμόσαι
508 3167 517 3199 ,
530 3124 595 3183 νῦν
607 3143 644 3202 με
654 3114 745 3184 τοῦτ’
759 3114 877 3195 ἀξιών;
899 3116 1028 3184 οὐκοῦν
1044 3109 1133 3198 ὅτιχί

190 3215 393 3297 ἐπιώρκησεν
404 3210 458 3297 ἀν,
471 3214 591 3283 ἑαυτὸν
603 3218 774 3299 ἐξελέγχει·
786 3220 852 3279 νῦν
862 3213 927 3299 χάρ
940 3211 1003 3281 οὐκ
1009 3210 1137 3297 όνδοη-

188 3334 289 3376 κοντα
300 3318 395 3397 μναῖς,
415 3311 499 3380 ἀλλά
510 3314 674 3381 τάλαντον
685 3315 862 3379 δεδωκέναι
872 3318 984 3399 φησίν.
1010 3317 1044 3378 τί
1052 3317 1138 3396 μάλ-

181 3411 247 3469 λον
257 3401 301 3472 ἀν
311 3401 377 3475 οὖν
388 3411 523 3492 εἰκότως
533 3437 582 3490 τις
598 3408 703 3477 αὐτόν
720 3412 829 3478 ἐκεῖνα
845 3413 1011 3496 ἐπιορκεῖν
1027 3403 1051 3496 ἦ
1059 3404 1134 3476 τάδ’
