2370 3854
126 186 189 251 414
323 190 432 246 XXXV.
454 182 875 247 ΔΗΜΟΣΘΕΝΟΤΣ

124 344 220 435 ἡμᾶς,
234 349 269 414 ἐκ
280 347 491 433 Πεπαρήθου
503 345 558 412 καὶ
570 351 630 412 Kc&
640 347 695 413 καί
707 347 830 424 Θάσιος
840 347 896 414 καί
906 350 1083 428 Μενδαῖος

125 447 181 514 καὶ
201 449 234 525 ἐξ
251 445 364 513 άλλοιν
383 451 484 512 τινοῖν
504 443 635 512 πόλεων
651 444 878 522 παντοδαπός·
902 446 938 512 ἐκ
957 445 993 513 δέ
1013 451 1078 513 τοῦ

79 563 113 618 36
124 545 257 612 Πόντου
268 544 364 630 ἕτερά
376 539 496 610 ἐστινά
509 542 671 627 εἰσάγεται
683 547 792 628 δεῦρο.
816 541 1030 629 κατεχόμενοι
1044 548 1078 616 δ’

124 641 180 729 ὑφ’
193 640 291 731 ἡμῶν
301 644 357 710 καί
368 640 578 727 ἐλεγχόμενοι
596 651 629 708 εί
641 667 672 707 τι
689 644 893 727 περιγένοιτο
910 650 978 708 τῶν
994 668 1079 728 χρη-

123 741 237 829 μάτων
249 743 286 808 ἐν
297 747 344 829 τῳ
354 739 491 827 Πόντῳ,
504 737 702 822 ἀπεκρίνατο
714 737 879 825 Λάκριτος
894 735 1009 808 οὑτοσί
1025 739 1078 808 ότι

124 835 243 908 ε’κατόν
259 844 416 923 στατῆρες
426 837 605 921 Κυζικηνοί
618 839 843 922 περιγένοιντο
861 839 1026 906 καὶτοῦτο
1037 837 1077 906 τό

123 943 262 1023 χρυσίον
279 934 476 1013 δεδανεικώς
493 944 542 1019 εἴη
561 930 705 1020 ἁδελφός
723 933 829 1004 αὑτοῦ
846 939 884 1004 ἐν
899 944 946 1026 τῳ
956 936 1078 1027 Πόντῳ

123 1033 302 1122 ναυκλήρῳ
319 1035 384 1101 τινὶ
395 1039 579 1120 Φασηλίτη,
604 1039 720 1122 πολίτη
734 1037 790 1103 καί
807 1037 978 1126 ἐπιτηδείῳ
996 1038 1078 1104 ἐαυ-

122 1141 200 1218 τοῦ,
218 1133 274 1200 καί
291 1129 332 1200 οὐ
349 1132 486 1200 δόναιτο
498 1138 711 1219 κομίσασθαι,
723 1130 808 1200 άλλά
820 1134 939 1218 σχεδόν
949 1161 980 1201 τι
991 1132 1077 1202 άπο-

79 1245 112 1301 37
125 1229 232 1312 λοιλός
243 1241 292 1317 είη
307 1233 362 1300 καὶ
373 1240 480 1300 τοῦτο.
502 1231 592 1300 ταῦτ’
603 1235 693 1300 ἐστιν
704 1229 726 1300 ά
737 1238 828 1317 ἔλεγε
839 1232 1004 1316 Λάκριτος
1014 1230 1078 1301 οὑ-

124 1338 205 1400 τοσί.
236 1329 256 1418 ἡ
272 1332 308 1401 δέ
321 1330 498 1419 συγγραφὴ
511 1330 553 1400 οὐ
569 1340 673 1400 ταῦτα
684 1334 787 1418 λέγει,
811 1324 969 1416 όάνδρες
981 1337 1079 1402 δικα-

124 1433 214 1516 σταί,
240 1427 308 1498 ἀλλ’
322 1428 663 1518 άντιφορτισαμίνους
680 1428 821 1515 άπάγειν
838 1430 966 1498 κελεύει
974 1428 1078 1519 Ἀθή-

124 1535 216 1611 vata,
240 1528 281 1595 οὐ
298 1532 458 1610 δανείζειν
474 1530 615 1609 τούτους
631 1527 697 1618 ότῳ
715 1524 759 1596 άν
775 1527 963 1614 βούλωνται
980 1531 1017 1597 ἐν
1028 1538 1079 1617 τῷ

122 1628 243 1718 Πόντῳ
257 1626 297 1696 τά
307 1625 449 1715 ἡμέτερα
460 1628 542 1697 άνευ
552 1626 659 1716 ἡμῶν,
672 1626 740 1696 ἀλλ’
752 1627 909 1714 Ἀθήναζε
921 1630 1078 1713 παρέχειν

123 1725 280 1813 άνέπαφα
290 1724 385 1813 ἡμίν,
404 1728 466 1807 ἔτος
484 1723 527 1795 άν
538 1725 630 1814 ἡμεῖς
641 1725 864 1815 ἀπολάβοιμεν
875 1723 914 1792 τά
925 1725 1078 1811 χρήματα

123 1822 173 1891 ὅδ’
184 1829 408 1911 ἐδανείσαμεν.
430 1833 489 1893 καί
496 1851 552 1912 μοι
562 1823 790 1911 ἀναγίγνωσκε
801 1822 863 1909 τὴν
875 1816 1078 1911 συγγραφὴν

123 1922 233 1990 πάλιν.

468 2081 718 2143 ΣΤΓΓΡΑΦΗ.

77 2253 113 2312 33
202 2227 370 2312 Πότερον,
393 2219 420 2294 ὦ
440 2227 560 2315 ἄνδρες
577 2232 741 2314 δικασταὶ,
767 2232 927 2309 δανείζειν
944 2227 1129 2297 κελεύει93λ

119 2322 290 2412 τούτουςόγ
302 2323 479 2412 συγγραφὴ
491 2325 531 2393 τά
547 2324 703 2413 ἡμέτερα,
725 2328 780 2395 καὶ
797 2323 884 2395 ταῦτ’
898 2322 1072 2414 άνθροόπῳ

119 2421 161 2491 δν
177 2421 270 2510 ἡμεῖς
286 2421 364 2491 οὔτε
379 2425 610 2511 γιγνώσκομεν
626 2423 701 2492 οὔθ’
726 2425 911 2511 ἑοράκαμεν
926 2424 1070 2509 πεόποτε,

118 2516 141 2609 ἢ
163 2520 501 2609 άντιφορτισαμένους
521 2530 654 2609 κομίσαι
675 2522 834 2610 Ἀθήναζε
856 2526 911 2591 καὶ
938 2522 1070 2608 φανερά

75 2626 255 2709 39ποιῆσαι
270 2618 351 2709 ἡμῖν
365 2625 420 2690 καί
434 2620 589 2709 άνέπαφα
606 2626 775 2708 παρέχειν;
798 2618 892 2706 ἡμὲν
908 2618 973 2704 γάρ
985 2639 1072 2706 συγ-

118 2718 231 2806 γραφὴ
242 2717 342 2787 οὐδὲν
352 2721 601 2807 κυριώτερονέᾆ
613 2720 696 2787 εἶναι
707 2727 774 2787 τῶν
784 2722 1071 2807 ἐγγεγραμμένων,

119 2815 197 2886 οὐδὲ
214 2819 416 2904 προσφέρειν
432 2816 509 2886 οὔτε
526 2817 633 2903 νόμον
651 2817 728 2885 οὔτε
745 2819 900 2905 ψήφισμα
917 2814 985 2887 οὔτ’
997 2817 1068 2887 ἄλλ’

120 2912 197 2984 οὐδ’
210 2911 325 2984 ὁτιοῦν
342 2912 425 3003 πρός
441 2913 502 3003 τὴν
520 2917 734 3004 συγγραφήν·
768 2917 898 2997 τούτοις
916 2917 947 2985 δ’
963 2916 1071 2998 εὐθὺς

119 3017 152 3096 ἐξ
164 3013 267 3103 άρηῆς
278 3010 378 3084 οὐδὲν
388 3017 525 3104 ἐμέλησε
542 3023 601 3101 τῆς
617 3024 813 3104 συγγραφῆς
830 3017 967 3104 ταύτης,
985 3015 1069 3085 άλλά

119 3127 186 3193 τοῖς
196 3112 361 3201 χρήμασιν
371 3116 514 3202 ἐχρῶντο
525 3114 769 3204 τοίςὴμετέροις
779 3113 891 3201 ὥσπερ
902 3109 1050 3195 ίδίοιςοῦ
1057 3156 1070 3167 ·

119 3231 173 3281 σιν
185 3208 311 3281 αὑτῶν·
334 3212 441 3295 οὕτως
451 3218 534 3284 εἰσὶν
546 3208 640 3284 οὗτοι
655 3223 838 3302 κακοῦργοι
850 3216 1004 3302 σοφισταί
1013 3218 1069 3282 καί

73 3308 228 3380 λοάδικοι
239 3312 425 3398 άνδροιποι.
467 3313 530 3400 ἐγοδ
545 3314 635 3401 δέμά
653 3313 713 3383 τόν
724 3320 791 3383 Δία
803 3311 863 3382 τόν
875 3313 1001 3381 άνακτα
1012 3312 1068 3380 καὶ

119 3405 198 3486 τοὺς
215 3409 319 3490 θεοὺς
340 3411 504 3500 ἅπαντας,
527 3409 641 3482 οάδενλ
661 3412 784 3484 πώποτ’
797 3414 972 3500 ἐφθόνησα
990 3408 1066 3481 οὐδ’
