2370 3854
331 234 474 295 ΠΡΟΣ
493 233 789 295 ΛΕΠΤΙΝΗΝ.
997 237 1037 300 43

28 420 76 474 ιον
86 405 154 466 τάν
166 400 318 480 δωρεῶν,
331 391 382 472 αλς
393 391 460 461 ἀντ’
476 387 515 460 εὖ
527 408 629 477 ποιεῖ,
641 399 850 480 παρέσχηται.
891 401 959 464 ἔστι
969 407 1039 466 τοί-

86 520 152 562 νυν
164 494 272 560 πάντα
283 491 397 577 ταῦτ’,
421 484 448 558 τό
466 491 587 577 άνδρες
605 489 791 578 Ἀθηναῖοι,
813 496 1036 582 δικαιοσύνης,

87 593 221 680 άρετῆς,
244 598 488 679 μεγαλοψυχίας
508 595 728 676 ἐπιδείγματα.
762 590 805 677 μὴ
828 597 944 660 τοίνυν
965 592 1039 661 δι’δέ

87 694 188 760 πάλαι
201 691 290 777 παρὰ
302 692 411 758 πάντα
421 691 482 757 τόν
492 687 647 776 χρόνονὴ
666 689 761 768 πόλις
779 687 922 778 εὐδοξεῖ,
945 692 1038 759 ταῦτ’

88 790 224 876 ἀνέλητε
236 797 316 857 νῦν·
340 787 417 875 μηδ’
431 793 487 855 ἵνα
498 795 661 872 Λεπτίνης
673 793 740 875 ίδίρι
756 790 842 855 τισὶν
850 839 859 871 ,
872 785 920 866 οἷς
931 786 1040 874 άηδως
1082 856 1085 861 ,

88 895 163 974 ἔχει,
173 889 350 975 ἐπηρεάση,
362 895 420 973 τῆς
430 888 558 966 πόλεως
570 885 742 972 ἀφέλησθε
753 891 807 954 καὶ
818 885 916 972 ὑμῶν
927 887 1041 955 αὐτῶν

87 985 130 1071 ἣν
144 986 197 1054 διά
209 985 334 1064 παντός
345 983 396 1052 άελ
411 993 471 1053 τοῦ
483 987 609 1070 χρόνου
628 986 729 1066 δόξαν
743 989 906 1072 κέκτησθε
918 988 1039 1073 καλήν·

87 1084 164 1170 μηδ’
180 1083 521 1172 ὑπολαμβάνετέῖναι
533 1083 593 1151 τόν
604 1083 720 1168 άγοδνα
730 1085 827 1155 τόνδε
838 1085 922 1173 ὑπὲρ
936 1087 1040 1155 άλλου

86 1182 176 1262 τινδς
192 1184 215 1269 η’
231 1191 292 1250 τοῦ
309 1192 365 1268 τῆς
377 1184 504 1262 πόλεως
521 1183 720 1269 άξιαέματος,
743 1186 887 1268 πότερον
898 1184 978 1253 αὐτὸ
991 1190 1044 1253 δεῖ

87 1291 158 1348 οων
169 1280 253 1348 εἶναι
264 1284 319 1349 καὶ
336 1281 454 1366 ὅμοιον
465 1290 512 1369 τῷ
534 1286 699 1371 προτέρῳ,
717 1278 741 1368 η’
763 1285 965 1368 μεθεστάναι
986 1286 1040 1351 καὶ

86 1380 303 1464 λελυμάνθαι.

25 1495 77 1549 143
171 1475 283 1543 Πολλά
298 1479 333 1543 δὲ
343 1477 526 1562 θαυμάζων
536 1484 702 1546 Λεπτίνου
720 1478 803 1546 κατά
815 1479 875 1547 τόν
884 1481 990 1566 νόμον
1003 1485 1041 1549 έν

88 1577 228 1662 μάλιστα
239 1575 437 1660 τεθαύμακα
454 1576 606 1660 πάντων,
631 1584 661 1644 εί
676 1576 769 1645 ἐκεῖν’
782 1575 964 1666 ἠγνόηκεν,
989 1579 1040 1647 ὅτι

88 1673 199 1756 ὥσπερ
211 1669 271 1757 άν,
295 1683 328 1740 εί
342 1701 390 1752 τις
402 1673 545 1759 μεγάλας
560 1676 617 1753 τάς
628 1684 784 1762 τιμωρίας
795 1685 863 1745 τῶν
874 1676 1039 1763 άδικημά-

86 1800 154 1839 των
176 1771 302 1859 τάττοι,
326 1770 389 1838 οὐκ
411 1769 455 1839 άν
477 1774 578 1852 αὐτός
589 1773 614 1859 γ’
630 1772 755 1842 άδικεῖν
767 1778 1040 1858 παρεσκευάσθαι

88 1873 190 1955 δόξαι,
204 1870 320 1956 οὕτως,
332 1870 375 1939 άν
386 1899 435 1950 τις
446 1869 567 1959 άναιρῇ
577 1871 636 1951 τάς
645 1872 740 1959 τιμάς
750 1881 819 1940 τῶν
829 1874 1039 1961 εὐεργεσιῶν,
1094 1882 1096 1887 ’

89 1968 188 2038 οὐδὲν
206 1969 306 2049 αὐτός
324 1987 432 2039 ποιεῖν
451 1970 585 2056 άγαθδν
597 1972 869 2056 παρεσκευάσθαι
881 1973 975 2051 δόξει.
1012 1980 1042 2040 εί

88 2071 149 2153 μὲν
161 2077 277 2136 τοίνυν
288 2066 434 2156 ἠγνόησε
445 2077 551 2137 ταῦτα
564 2072 705 2154 (γένοιτο
716 2068 780 2152 γάρ
793 2065 837 2135 άν
848 2072 903 2138 καὶ
914 2079 1027 2154 τοψτο)

88 2164 205 2234 αὐτίκα
213 2169 364 2252 δηλοίσει·
377 2168 622 2254 συγχωρήσεται
628 2166 692 2251 γάρ
703 2167 785 2253 ὑμῖν
795 2175 894 2236 λῦσαι
906 2172 980 2254 περὶ
992 2162 1042 2236 οἷν
1049 2197 1097 2250 501

88 2265 188 2342 αὐτός
199 2265 354 2349 ἥμαρτεν.
388 2272 418 2330 εί
432 2265 469 2331 δέ
480 2265 664 2348 φανήσεται
682 2266 878 2343 σπουδάζων
896 2271 951 2331 καὶ
968 2271 1041 2331 δια-

88 2363 278 2447 τεινόμενος
298 2363 417 2448 κύριον
428 2360 607 2429 ποιεῖντὸν
618 2363 741 2447 νόμον,
755 2360 818 2446 ε’γαδ
830 2362 891 2446 μὲν
904 2361 966 2430 οὐκ
979 2369 1040 2447 έχω

27 2468 159 2538 Ιλῖπεός
180 2462 358 2544 ἐπαινέσω,
380 2463 494 2545 ψέγειν
516 2457 548 2527 δ’
573 2458 615 2528 οὐ
635 2460 806 2546 βούλομαι.
853 2463 956 2545 μηδὲν
977 2456 1041 2530 οὖν

88 2567 286 2644 φιλονείκει,
308 2565 470 2645 Λεπτίνη,
492 2559 574 2645 μηδὲ
597 2558 713 2645 βιάζου
738 2567 906 2644 τοιοῦτον,
935 2559 971 2626 δί
998 2552 1041 2630 οδ

88 2656 164 2743 μήτ’
178 2655 280 2735 αάτδς
302 2657 407 2737 δόξεις
429 2665 570 2743 βελτίων
590 2657 674 2725 εἶναι
695 2655 773 2743 μηθ’
795 2663 829 2724 οί
847 2662 1040 2736 πεισθέντες

88 2779 158 2841 σοι,
187 2754 294 2834 άλλως
311 2784 347 2824 τε
365 2760 420 2825 καλ
431 2760 655 2844 γεγενημένου
669 2778 722 2826 σοι
733 2765 795 2824 τοῦ
805 2756 1040 2841 άγώνοςάκιν-

90 2856 206 2922 δάνον.
252 2857 306 2924 διά
328 2856 391 2942 γάρ
416 2855 453 2925 τό
476 2866 669 2943 τελευτῆσαι
679 2857 860 2925 Βάθιππον
881 2856 941 2926 τόν
961 2883 1040 2924 του-

89 2961 163 3020 τουὶ
179 2960 302 3042 πατέρα
316 2955 536 3042 Ἀψεφίωνος,
559 2955 595 3034 δς
619 2954 723 3023 αὐτόν
733 2956 780 3024 ἔτ’
793 2955 874 3025 ὅντα
886 2955 1038 3023 ὑπεύθυ-

89 3078 151 3118 νον
164 3055 341 3140 ἐγράψατο,
354 3060 498 3140 ἐξῆλθον
509 3059 543 3123 οί
551 3057 684 3141 χρόνοι,
697 3057 751 3122 καλ
761 3058 837 3122 νυνὶ
849 3066 923 3138 περὶ
936 3051 1043 3125 αὐτοῦ

88 3158 149 3218 τοῦ
172 3153 279 3236 νόμον
301 3161 364 3230 πᾶς
386 3157 476 3221 ἐστιν
498 3151 516 3220 ὁ
540 3148 654 3239 λόγος,
676 3153 784 3240 τούτῳ
804 3151 833 3219 δ’
848 3150 958 3230 οὐδείς
974 3157 1041 3220 ε’στι

88 3255 253 3327 κίνδυνος.

28 3367 79 3420 145
173 3357 291 3417 Καίτοι
301 3352 356 3417 καὶ
367 3347 452 3418 τοῦτ’
467 3349 581 3419 άκοάω
600 3372 636 3417 σε
653 3353 778 3435 λέγειν,
801 3346 846 3426 ὡς
867 3348 932 3431 άρα
956 3365 1042 3432 τρεῖς

20 3465 22 3471 ’
89 3450 128 3516 σέ
141 3475 229 3527 τινες
245 3449 454 3534 γραψάμενοι
471 3450 629 3534 πρότεροι
646 3453 745 3517 τοῦδε
762 3449 825 3516 οὐκ
844 3451 1042 3533 ἐπεξῆλθον.
