2370 3854
348 217 489 279 ΠΡΟΣ
513 214 808 277 ΛΕΠΤΙΝΗΝ.
1016 211 1056 274 23

105 399 156 449 σει
179 383 216 448 έκ
233 386 302 447 των
320 376 448 463 νήσων,
471 376 526 442 καί
543 373 624 460 μετά
634 381 738 442 ταῦτα
748 372 842 459 δεῦρ’
856 371 968 442 έλθύν
979 371 1058 442 ἀνέ-

105 496 203 566 στησε
219 475 260 545 τά
278 484 384 563 τείχη,
406 477 460 542 καί
473 481 602 559 πρῶτος
612 473 715 542 πόλιν
725 474 867 560 περὶτῆς
880 472 1056 560 ἡγεμονίας

103 581 234 662 ἐποίησε
245 583 286 663 τῇ
297 576 392 642 πόλει
402 572 573 657 τὸνλόγον
581 569 953 658 πρὸςΛακεδαιμονίους
962 569 1054 638 είναι.

62 689 97 744 69
104 676 159 743 και
170 672 236 760 γάρ
247 699 298 741 τοι
310 671 482 795 μόνφτων
493 671 629 738 πάντων
640 670 731 761 αύτῷ
743 677 823 738 τοῦτ
826 666 884 737 έ’ν
895 678 936 756 τῇ
953 669 1056 756 στήλη

102 774 297 858 γέγραπται·
318 768 450 856 ἐπειδη
461 766 601 837 Κονων
620 766 742 856 φησίν
744 767 966 854 ηλενθέρωσε
977 792 1055 846 τους

100 869 312 957 Αθηναίων
323 865 541 955 σνμμαχονς
575 872 643 936 ἔστι
654 871 689 935 δὲ
699 892 797 935 τουτο
808 893 845 934 το
857 891 1052 952 γραμμα,

103 967 224 1055 ἀνδρες
237 970 403 1055 δικασταί,
424 965 586 1054 ἐκείνῳ
552 992 613 1052 μεν
624 970 792 1051 φιλοτιμία
803 960 891 1050 πμδς
895 960 981 1085 ημᾶς
992 960 1055 1031 αύ-

102 1065 198 1153 τούς,
220 1065 301 1152 ύμῖν
317 1065 353 1135 δὲ
369 1063 452 1150 πρὸς
468 1065 595 1143 πάντας
611 1062 690 1143 τούς
699 1062 911 1150 ἩΕλληνας·
898 1061 978 1132 ότον
989 1061 1054 1150 γάρ
1070 1081 1125 1138 478

102 1165 146 1233 ἀν
159 1193 207 1243 τις
224 1161 303 1249 παρ’
322 1162 418 1250 ἡμῶν
437 1162 572 1248 ἀγαθοῦ
586 1176 654 1241 τοῖς
670 1161 782 1255 ἀλλοις
797 1165 1053 1247 αίτιοςγένηται,

101 1263 223 1330 τούτου
245 1261 308 1348 την
330 1263 431 1342 δόξαν
451 1259 488 1328 τδ
511 1269 568 1346 τῆς
589 1261 714 1339 πόλεως
736 1259 842 1346 ὄνομα
858 1268 1051 1344 καρποῦται.

58 1385 94 1440 70
103 1362 217 1444 διόπερ
238 1359 279 1427 ού
297 1359 405 1445 μόνον
417 1356 514 1444 ἀὐτῷ
530 1356 593 1443 τὴν
609 1355 758 1424 ἀτέλειαν
775 1362 903 1423 ἔδωκαν
921 1361 955 1423 οί
969 1356 1053 1440 τότε,

100 1456 184 1526 ἀλλά
203 1459 258 1523 καὶ
274 1463 401 1541 χαλκῆν
412 1455 526 1522 είκόνα
540 1453 650 1542 ὥσπερ
658 1453 833 1541 Ἁρμοδίου
844 1458 897 1522 καὶ
905 1452 1054 1539 Ἀριστο-

100 1565 248 1642 γείτονος
260 1561 400 1641 ἔστησαν
410 1553 556 1640 πρώτον·
579 1550 721 1639 ἡγοῦντο
732 1551 796 1639 γὰρ
808 1550 850 1620 ού
860 1553 982 1640 μικρὰν
993 1579 1054 1620 τυ-

100 1659 241 1741 ραννίδα
254 1654 309 1722 καί
319 1661 457 1740 τοῦτον,
475 1650 537 1738 τὴν
550 1656 823 1738 Λακεδαιμονίων
835 1649 939 1737 ἀρχὴν
950 1678 1053 1720 κατα-

100 1753 257 1839 λύσαντα,
270 1753 483 1820 πεπαυκέναι.
506 1750 553 1819 ἵν’
564 1744 629 1819 οὖν
639 1758 767 1836 μᾶλλον
779 1745 827 1829 οίς
838 1754 921 1834 λέγω
931 1754 1053 1837 προσέ-
1129 1772 1136 1783 ·

99 1877 191 1937 χητε,
212 1847 252 1917 τά
275 1847 466 1936 ψηφίσμαθ’
486 1848 567 1936 ὑμῖν
584 1846 659 1916 αὔτ’
677 1846 905 1933 ἀναγνώσεται
920 1847 960 1917 τά
978 1849 1051 1918 τότε

100 1952 312 2035 ψηφισθέντα
322 1958 368 2040 τῷ
378 1949 523 2018 Κόνωνι.
545 1949 627 2032 λέγε.

430 2122 723 2185 ΨΗΦΙΣΜΑΤΑ.

57 2260 90 2316 71
185 2242 237 2311 Ού
254 2250 371 2311 τοίνυν
386 2241 449 2328 ὑφ’
469 2241 568 2330 ὑμῶν
583 2242 718 2331 μόνονὸ
731 2245 869 2330 Κόνων,
893 2235 1051 2328 ύάνδρες

95 2340 267 2425 Ἀθηναῖοι
274 2390 282 2422 ,
294 2339 363 2405 τότ’
376 2341 514 2426 ἐτιμήθη
527 2343 651 2426 πμάξας
662 2338 683 2406 δι’
694 2346 870 2427 διεξῆλθον
881 2339 956 2428 έγύ,
967 2338 1049 2409 ἀλλά

98 2441 155 2506 καί
167 2436 225 2505 ὑπ’
239 2437 349 2505 ἀλλων
359 2444 508 2526 πολλῶν,
521 2444 555 2505 οἳ
563 2441 695 2517 δικαίως
707 2430 979 2561 ύνεύημγέτηντο
990 2440 1048 2524 χά-

98 2563 175 2626 ριν
164 2534 269 2602 όοντο
282 2539 352 2603 δεῖν
364 2489 567 2604 ἀποδιδόναι
591 2534 718 2603 οὐκοῦν
731 2534 878 2623 αἰσχρόν,
893 2565 918 2604 ω
907 2531 1050 2623 ἀνδρες

96 2631 367 2719 Ἀθηναιοι,εία
397 2633 459 2720 μὲν
477 2631 567 2721 παρὰ
583 2647 650 2712 τοῖς
667 2632 779 2713 ἀλλοις
791 2639 911 2719 δωρεαί
922 2639 1050 2722 βέβαιοι

98 2730 375 2822 μένουσιναύτῷ,
397 2759 455 2852 της
472 2734 507 2799 δὲ
524 2730 605 2817 παρ’
617 2729 932 2819 ύμωνμόνηςτοῦτ’
947 2730 1050 2818 ἀφαι-

55 2830 283 2916 γγρεθήσεται.
315 2829 422 2899 καί
380 2857 447 2916 μην
459 2827 533 2898 οὐδ’
546 2835 652 2899 έκείνο
664 2830 785 2917 καλδν,
798 2836 903 2911 ζωντα
914 2828 1049 2916 μέναύ-
1124 2889 1126 2893 .

98 2929 157 2996 τὸν
168 2929 256 2997 οὕτω
266 2939 363 3016 τιμᾶν
376 2927 459 2998 όίστε
469 2929 639 2998 τοσούτων
649 2927 739 2996 ὅσων
748 2927 911 3016 ἀκηκόατε
921 2926 1046 3015 ἀξιοῦν,

97 3025 209 3112 ἐπειδὴ
228 3029 264 3095 δέ
282 3028 508 3115 τετελεύτηκε,
530 3032 693 3114 μηδεμίαν
710 3031 951 3114 ποιησαμένους
967 3027 1048 3094 τού-

95 3150 164 3191 των
183 3133 301 3210 μνείαν
317 3123 502 3212 ἀφελέσθαι
518 3152 549 3193 τι
565 3135 633 3195 τῶν
644 3129 815 3195 δοθέντων
825 3127 907 3194 τότε.
940 3125 1046 3196 πολλά

96 3223 158 3311 μὲν
176 3248 239 3307 γαρ
255 3225 360 3309 ἐστιν,
383 3216 410 3292 6
426 3222 545 3310 ἀνδρες
554 3222 741 3309 Ἀθηναῖοι,
766 3231 835 3290 τῶν
846 3218 904 3290 ὑπ’
917 3226 1047 3293 ἐκείνου

96 3329 314 3404 πραχθέντων
331 3318 405 3401 ἀξια
421 3323 576 3405 ἐπαίνου,
599 3318 641 3388 δι’
662 3318 684 3388 δ
701 3319 809 3389 πάντα
827 3322 985 3408 προσήκει
1001 3319 1046 3410 μη

95 3417 190 3484 λύειν
205 3415 265 3496 τάς
281 3419 332 3485 ἐπὶ
349 3417 478 3498 τούτοις
491 3422 647 3499 δοθείσας
658 3415 800 3504 δωρεὰς,
824 3418 1000 3487 κάλλιστον
1012 3421 1047 3490 δὲ
