2370 3854
312 226 452 286 ΠΡΟΣ
470 225 806 288 ΖΗΝΟΘΕΜΙΝ.
977 229 1040 292 369

93 385 156 472 βάς
173 391 231 470 τῆς
246 382 367 463 νυκτός
383 390 430 463 είς
445 391 562 471 κοίλην
578 391 665 452 ναῦν
684 389 833 454 διέκοπτε
845 395 909 455 τοῦ
920 395 1040 457 πλοίου

94 480 131 550 τό
144 487 275 568 ἔδαφος.
296 480 410 551 οὑτοσί
428 480 472 568 δ’,
485 480 532 561 ὥς
547 480 648 552 οῦδὲν
667 482 777 570 είδύς,
795 483 869 555 ἀνω
879 484 1039 571 μετάτεῦν

93 580 382 667 όλλωνέπιβατῦν
393 581 564 668 διέτριβεν.
593 580 709 665 ψόφου
727 585 765 652 δὲ
786 588 971 672 γενομένου
986 591 1039 654 αί-

94 679 278 747 σθένονται
289 682 324 746 οί
330 681 370 746 έν
378 685 424 767 τῷ
436 686 540 768 πλοίῳ
550 677 602 746 ὅτι
612 679 718 749 κακόν
728 707 758 747 τι
770 683 806 747 έν
815 689 910 768 κοίλη
919 683 973 767 νηί
988 690 1040 765 γί-

66 799 220 861 ργνεται,
242 777 298 843 καί
313 781 479 862 βοηθοῦσι
494 776 591 845 κόπω.
634 774 678 856 ὥς
693 776 723 845 δ’
741 775 892 865 ήλίσκετο
909 778 927 848 ὁ
944 779 1039 865 Ἡγέ-

94 877 297 956 στρατοςκαί
308 878 406 960 δίκην
416 873 538 942 δύσειν
551 872 708 964 ὑπέλαβε,
725 878 907 963 φεύγεικαί
918 878 1038 946 διωκό-

92 997 191 1056 μενος
207 974 312 1057 ῥίπτει
327 968 431 1040 αὑτὸν
446 978 491 1050 είς
504 972 567 1059 τήν
581 973 768 1058 θάλατταν,
797 972 984 1060 διαμαρτών
1001 976 1038 1044 δὲ

93 1078 154 1137 τοῦ
164 1071 354 1157 λέμβουδιά
364 1071 401 1140 τό
413 1071 520 1139 νύκτα
531 1069 615 1139 είναι
635 1070 806 1158 ἀπεπνίγη.
839 1077 961 1149 ἐκεῖνος
976 1074 1038 1160 μὲν

93 1161 289 1256 ούνούτως,
303 1161 583 1254 ὥσπεράξιοςήν,
608 1169 710 1247 κακός
719 1178 828 1247 κακῶς
838 1168 1039 1257 ἀπόλετο,ἀ
1046 1178 1101 1236 884

92 1264 171 1344 τοῦς
181 1268 301 1345 ἄλλους
312 1267 530 1352 ἐπεβούλευσε
546 1274 694 1351 ποιήσαι,
715 1274 819 1333 ταῦτα
834 1267 959 1336 παίδων
972 1267 1038 1337 αύ-

65 1363 156 1442 λτός.
185 1362 299 1432 οὑτοσὶ
315 1362 378 1429 δ’ὁ
396 1360 558 1441 κοινωνός
574 1361 680 1430 αύτοῦ
688 1365 744 1430 καί
754 1363 964 1448 συνεργὸςτδ
975 1369 1038 1451 μὲν

92 1470 224 1544 πρῶτον
236 1459 341 1540 εύθῦς
356 1464 394 1529 έν
410 1467 456 1549 τῷ
467 1467 569 1549 πλοίῳ
581 1458 668 1543 παρά
678 1458 896 1547 τάδικήματα,
918 1459 964 1540 ἀς
975 1461 1037 1530 ού-

93 1561 151 1626 δὲν
162 1556 272 1643 είδάς,
295 1555 363 1626 ἀλλ’
383 1557 647 1643 ἐκπεπληγμένος
657 1559 712 1625 καί
724 1554 839 1640 αύτὸς,
851 1565 964 1628 έπειδε
974 1555 1037 1627 τόν

91 1657 225 1744 πρωρέα
241 1653 386 1734 καὶτοὺς
402 1655 526 1733 ναύτας
541 1661 587 1734 είς
605 1652 665 1722 τόν
675 1657 797 1743 λέμβον
807 1659 972 1743 ἐκβαίνειν
980 1659 1036 1727 καί

92 1756 235 1821 ἐκλιπεῖν
250 1752 312 1840 τήν
328 1761 417 1820 ναῦν
433 1750 495 1840 τήν
511 1762 680 1839 ταχίστην,
704 1751 748 1831 οῦς
764 1752 962 1825 ἀνελπίστου
978 1763 1037 1841 τῆς

91 1857 251 1938 σωτηρίας
267 1849 370 1938 οῦσης
386 1853 445 1920 καὶ
460 1853 727 1938 καταδυσομένης
744 1860 802 1939 τῆς
818 1850 902 1932 νεός
913 1853 1036 1931 ,αύτίιιιι

91 1949 194 2037 μύλα,
211 1946 266 2035 ἵν’,
278 1948 361 2035 ὅπερ
378 1950 622 2037 διενοήθησαν,
636 1950 731 2026 τοῦτ’
741 1955 964 2039 ἐπιτελεσθείη
979 1954 1037 2023 καί

90 2046 111 2133 ή
136 2054 219 2125 ναῦς
241 2044 398 2117 ἀπόλοιτο
415 2050 471 2116 καί
492 2048 533 2116 τά
552 2049 741 2135 συμβόλαια
765 2048 1033 2137 ἀποστερήσαιεν.

65 2143 267 2231 ςάποτυχών
277 2145 313 2213 δὲ
322 2145 461 2228 τούτου,
478 2144 533 2213 καί
548 2153 610 2212 τοῦ
617 2143 693 2225 παρ’
705 2143 801 2229 ήμοῦν
811 2149 1036 2232 συμπλέοντος

89 2243 413 2318 έναντιωθέντοςκαὶ
422 2254 490 2318 τοῖς
505 2243 641 2319 ναύταις
649 2241 848 2328 μισθοῦς,εί
857 2243 1035 2316 διασῦραι·

90 2366 127 2407 εν
139 2340 201 2424 τήν
211 2344 309 2423 ναῦν,
325 2337 489 2422 μεγάλους
499 2342 795 2423 ἐπαγγειλαμένου,
812 2346 976 2427 σωθείσης
989 2345 1035 2427 εἰς

64 2493 67 2500 .
90 2438 325 2522 Κεφαλληνίαν
336 2440 392 2520 τῆς
405 2431 488 2511 νεός
498 2431 552 2502 διά
564 2430 643 2514 τούς
653 2432 757 2515 θεούς
767 2437 909 2523 μάλιστά
919 2465 974 2525 γε,
987 2437 1034 2509 εί-

89 2561 129 2601 τα
147 2534 202 2601 καί
219 2528 274 2600 διά
291 2529 353 2618 τήν
368 2539 437 2607 τοῖν
452 2539 586 2601 ναυταῖν
599 2528 741 2620 ἀρετήν,
763 2535 863 2609 πόλιν
872 2532 953 2621 μετὰ
965 2543 1034 2604 τοῖν

89 2640 342 2703 Μασσαλιωτῶν
351 2639 427 2700 τῶν
443 2639 505 2700 τοῦ
519 2629 739 2718 Ἡγεστράτου
754 2639 902 2699 πολιτῶν
916 2629 960 2718 μή
973 2649 1035 2700 κοί-

88 2740 224 2800 ταπλεῐν
240 2730 399 2817 Ἀθήναζε
410 2728 739 2815 τὸπλοίονέπραττε,
761 2731 869 2813 λέγων
879 2726 924 2808 ῦς
934 2727 1035 2810 αύτύς

89 2832 189 2897 τεκαὶ
200 2827 240 2897 τά
249 2827 383 2915 χρήματ’
393 2832 524 2904 ἐντεῦθέν
534 2833 617 2912 ἐστι,
627 2826 710 2897 καλό
721 2829 908 2914 ναύκληρος
918 2838 968 2914 είη
980 2831 1036 2897 καί

64 2930 124 3001 9οί
138 2928 361 3005 δεδανεικότες
375 2934 622 3013 Μασσαλιῶται.
651 2924 874 3011 ἀποτνχάνδὲ
889 2928 944 2997 καί
954 2927 1035 2993 τού-

89 3051 164 3110 του,
184 3026 239 3092 καὶ
254 3032 321 3091 τάν
335 3022 509 3111 ἀρχόντων
524 3030 593 3091 ταῖν
603 3026 640 3090 ἐν
656 3031 697 3110 τῇ
706 3026 921 3107 Κεφαλληνίᾳ
931 3022 1034 3104 γνόν-

90 3148 158 3189 των
165 3120 324 3205 Ἀθήυοιζε
334 3119 396 3206 τήν
407 3131 494 3190 ναῦν
510 3128 704 3203 καταπλεῖν,
727 3118 873 3202 ὅθενπερ
891 3116 1034 3207 ἀνήχθη,

89 3217 131 3286 δν
142 3216 217 3288 οὐδ’
230 3213 330 3302 ἀνείς
341 3223 452 3288 ἐλθεῖν
460 3218 546 3310 ,ρ’ἀετο
559 3224 659 3304 δεῦρο
678 3225 838 3303 τολμήσαι
848 3219 985 3289 τοιαῦτά
996 3245 1035 3304 γε

88 3317 358 3402 ἐσκευωρημένον
365 3319 424 3391 καί
434 3316 644 3405 πεποιηκότα,
655 3307 797 3401 οὗτος,οά
806 3313 925 3400 ἀνδρες
934 3313 1038 3405 Ἀθη-

89 3429 191 3499 οαῖοι,
219 3420 384 3560 τοσονῦτιοινΙ
402 3412 649 3503 ὑπερβέβληκεν
667 3411 818 3502 ἀναιδείᾳ
836 3416 895 3560 ιὲαὶ
916 3416 1034 3504 τόλμη,

131 3512 264 3568 ὓοωοειλι,
313 3524 348 3561 ο.
385 3549 392 3564 .
869 3513 890 3564 Q
