2370 3854
372 210 514 272 ΚΑΤΑ
545 211 788 298 Mamor.
1016 213 1056 277 73

106 373 338 454 προαιρέσεως,
350 364 398 456 ἐφ’
412 369 533 454 ἅπασι,
553 372 608 438 καί
619 365 681 456 τῆν
693 375 780 440 ίδίαν
792 373 937 460 δύναμιν
948 381 1058 461 κρείτ-

106 495 151 536 τω
161 477 230 537 τεόν
240 468 356 555 νόμων
367 461 475 536 οὖσαν
486 469 753 556 ἐνδεικνύμενον,
761 468 947 558 Ἡράκλεις,
968 472 1057 559 βαρὺ

105 568 162 636 καί
179 564 253 653 οὑχὶ
275 566 404 635 δίκαιόν
425 570 514 637 ἐστιν
537 568 615 636 οὑδὲ
636 569 810 655 συμφέρον
826 568 915 657 ὑμίν.
948 579 979 640 εί
992 573 1119 657 νὰρεοο

106 666 234 754 ἐκόστφ
256 673 327 734 τόν
347 667 584 753 χορηγούντων
598 673 698 734 τοῦτο
727 669 897 756 πρόδηλον
915 673 1056 753 γένοιτο,

107 763 159 832 ότι
172 760 244 833 ἀνὸ
258 768 351 833 δεῖνα
362 763 482 849 ἐχθρός
492 757 516 851 ᾖ
526 786 593 850 μοι,
614 764 790 851 Μειδίαςή
800 792 848 844 τις
859 763 959 844 ἄλλος
969 776 1058 853 θρα-

109 861 170 940 σὺς
178 861 266 929 οὑτω
273 863 503 949 καλπλοὺσιος,
511 867 714 952 πρῶτονμὲν
721 861 1058 951 ἀφαιρεθῆσομαιτῆν

106 968 215 1048 νίκην,
227 957 293 1030 κάν
305 962 442 1048 ἀμεινον
453 961 669 1050 ἀγωνίσωμαί
675 989 780 1050 τινος,
799 960 893 1032 ἔπειτ’
908 960 958 1047 ἐφ’
971 961 1059 1030 ἀπα-

107 1080 171 1127 σαν
182 1061 456 1148 ἐλαττωθήσομαι
468 1064 524 1129 καὶ
535 1063 859 1149 προπηλακιζόμενος
870 1066 1057 1146 διατελέσει,

106 1164 154 1236 τίς
172 1155 279 1237 οὑτως
294 1156 467 1244 ἀλόγιστος
481 1154 563 1246 ῆτίς
579 1158 686 1239 οὕτως
706 1159 825 1240 ἄθλιός
850 1163 940 1228 ἐστιν
968 1159 1058 1239 ὅστις

64 1255 194 1325 fiunem
212 1251 256 1325 ἀν
272 1263 352 1342 μίαν
371 1255 522 1344 δραχμήν
539 1258 730 1345 ἐθελήσειεν
741 1259 927 1342 ἀναλῶσαις
948 1259 1057 1338 οὐδεὶς

108 1357 233 1439 δήπου,
256 1352 339 1436 ἀλλ’,
362 1353 468 1439 οἶμαι,
490 1353 527 1422 τό
539 1356 667 1433 πάντας
678 1364 798 1423 ποιοῦν
809 1359 864 1424 καὶ
876 1366 1058 1442 φιλοτιμεῖ-

108 1461 190 1519 σθαι
201 1455 256 1519 καλ
266 1450 458 1520 ἀναλίσκειν
468 1454 598 1521 ἐθέλειν
609 1450 701 1521 ἐκεῖν’,
714 1456 813 1540 ἐστὶν,
832 1453 962 1522 ὅτιτῶν
974 1464 1057 1523 ίσων

106 1552 161 1616 καί
172 1556 240 1616 τῶν
251 1553 388 1617 δικαίων
395 1551 532 1630 ἕκαστος
543 1548 667 1637 ῆγείται
678 1552 785 1641 ἑαυτῷ
794 1566 939 1638 μετεῖναι
945 1555 983 1620 ἐν
995 1555 1056 1638 δη-

106 1653 276 1736 μοκρατία.
311 1647 375 1734 ἐγώ
392 1655 523 1733 τοίνυν,
547 1642 575 1716 ό
586 1647 706 1733 ἀνδρες
716 1647 903 1737 Ἀθηναῖοι,
925 1652 1055 1718 τούτων

106 1743 169 1813 οὐκ
181 1750 299 1831 ἔτυχον
311 1745 366 1814 διὰ
376 1753 514 1832 τοῦτον,
531 1744 616 1816 ἀλλά
626 1751 725 1835 χωρίς
736 1740 784 1815 ὑν
794 1747 978 1835 ὑβρίσθην,
999 1747 1057 1815 καῖ

105 1853 163 1931 τῆς
181 1851 275 1932 νίκης
292 1847 623 1934 προσαπεστερήθην.
654 1854 763 1915 καίτοι
779 1855 882 1915 πᾶσιν
897 1844 978 1932 ὑμῖν
990 1847 1053 1932 ἐγώ

105 1951 205 2037 φῦτο
218 1949 312 2025 δείξω
324 1953 454 2031 σαφῶς,
476 1944 528 2014 ὅτι
542 1946 646 2033 μηδὲν
662 1944 798 2032 ἀσελγὲς
815 1949 892 2032 ἐξῆν
902 1951 1054 2013 ποιοῦντι

92 2046 230 2131 ,Μειδίᾳ
241 2041 320 2130 μηδ’
333 2041 502 2132 ὑβρίζοντι
519 2043 602 2131 μηδὲ
617 2045 775 2113 κόπτοντι
792 2047 848 2112 καὶ
864 2052 983 2112 λυπεῖν
999 2043 1054 2129 ἐμὲ

105 2138 253 2208 καὶκατὰ
265 2138 344 2220 τοὺς
354 2139 480 2228 νόμους
497 2141 588 2229 αὑτῷ
605 2153 851 2229 φιλοτιμεῖσθαι
863 2140 945 2227 πρός
956 2139 1052 2227 ὑμᾶς,

60 2252 95 2307 68
103 2242 158 2306 καὶ
170 2243 252 2324 μηδὲ
264 2243 376 2322 διᾶραι
387 2239 424 2307 τό
437 2241 542 2325 στόμα
554 2245 628 2325 περὶ
638 2239 746 2308 αὑτοῦ
756 2246 841 2326 ἔχειν
852 2244 917 2326 ἐμέ.
954 2241 1054 2323 ἐχρῆν
1067 2277 1073 2286 ·

103 2335 167 2422 γὰρ
180 2333 300 2415 αὐτόν,
324 2329 679 2424 όάνδρεςἉθηναίοι,
704 2335 747 2404 ὅτ’
761 2335 826 2422 ἐγώ
838 2345 895 2422 τῆς
905 2340 1055 2403 Πανδιο-

103 2437 195 2512 νίδος
204 2431 346 2519 χορηγός
357 2431 504 2520 ὑπέστην
514 2438 551 2503 ἐν
561 2443 608 2524 τῷ
618 2435 723 2525 δήμῳ,
736 2434 810 2502 τότε
821 2440 879 2521 τῆς
885 2432 1055 2520 Ἐρεχθηΐ-

104 2536 162 2611 δος
175 2530 374 2619 ἀναστάντα,
388 2541 445 2620 τῆς
457 2535 578 2602 ἐαυτοῦ
590 2541 708 2620 φυλῆς,
721 2530 987 2618 ἀνθυποστῆναι,
999 2536 1054 2601 καί

103 2629 345 2718 καταστήσανθ’
360 2632 481 2701 ἑαυτὸν
492 2638 524 2714 ἐξ
534 2643 611 2702 ίσου
623 2638 677 2701 καὶ
688 2629 728 2700 τό
741 2631 823 2700 όντα
834 2629 1053 2698 ἀναλίσκοντα

105 2729 216 2819 ὥσπερ
230 2729 305 2816 ἐμοὶ,
325 2731 415 2800 οὑτω
431 2729 461 2820 μ’
475 2729 692 2819 ἀφαιρεῖσθαι
701 2729 764 2818 τῆν
775 2737 888 2815 νίκην,
907 2727 1052 2814 ὑβρίζειν

59 2832 140 2898 69δέ
158 2835 294 2896 τοιαῦτα
311 2832 367 2898 καὶ
384 2831 519 2898 τύπτειν
535 2832 617 2919 μηδὲ
629 2830 712 2898 τότε.
750 2825 864 2897 νὺνδὲ
879 2830 1054 2913 τοῦτομὲν

105 2926 167 2996 οόκ
180 2931 344 3014 ἐποίησεν,
363 2931 401 2996 ἐν
413 2921 511 3019 ᾦτόν
522 2934 629 3017 δῆμον
641 2932 793 3014 ἐτίμησεν
805 2921 865 3012 ἀν,
891 2923 965 2993 οὐδ’
980 2930 1054 2993 ἐνε-

104 3026 280 3093 ανιεύσατο
293 3034 448 3095 τοιοῦτον
465 3025 581 3096 οὑδέν·
593 3029 662 3114 ἐμοὶ
677 3025 721 3114 δ’,
736 3025 772 3106 δς
786 3033 865 3114 (είτε
876 3051 940 3106 τις,
953 3017 1054 3091 ἀόν-

104 3120 364 3211 δρεςἉθηναίοι,
372 3126 527 3213 βούλεται
534 3135 782 3214 νομίσαιμανίᾳ·
793 3121 966 3211 μανίαμάρ
974 3131 1053 3201 ἴσως
1070 3130 1072 3136 ’

103 3224 193 3291 ἐστὶν
203 3219 288 3305 ὑπὲρ
299 3223 445 3312 δύναμίν
460 3253 492 3293 τι
502 3239 625 3294 ποιεῖν·
648 3235 713 3293 ελτε
730 3227 786 3293 καὶ
802 3227 984 3311 φιλοτιμίᾳ)
994 3246 1053 3308 χο-

105 3321 206 3410 ρηγὸς
217 3319 382 3408 ὑπέστην,
400 3323 488 3394 οὕτω
500 3331 655 3410 φανεροῖς
666 3325 721 3392 καὶ
731 3328 855 3409 μιαρῶς
866 3319 1110 3407 ἐπηρεάζονὸθλ

105 3420 408 3508 παρηκολούθησεν
433 3421 518 3490 ὥστε
529 3423 612 3509 μηδὲ
622 3431 690 3490 τῶν
712 3416 1052 3505 λερῶνίματίωνμηδέ
