2370 3854
139 208 181 271 94
333 211 404 266 xxl.
442 204 863 267 ΔΗΜΟΣΘΕΝΟῬΣ

139 373 225 447 τινές
237 374 332 453 εἰσιν,
346 358 692 451 ῶάνδρεςἈθηναίοι,
704 371 909 451 φθείρεσθαι
919 365 1005 451 πρὸς
1014 367 1097 448 τούς

82 485 132 539 140
140 473 321 546 πλουσίους
331 468 387 535 καί
396 478 551 550 παρεῖναι
561 466 617 532 καί
627 479 815 549 μαρτυρεῖν.
835 462 943 532 πάντα
950 464 1096 550 δὲταῦῶ,

140 566 240 654 οἶμαι,
254 563 382 653 φοβερά
394 566 462 631 ἐστι
472 570 542 631 τῶν
553 559 665 629 άίίων
675 559 772 648 ὑμῶν
782 561 922 652 ἑκάστω,
929 559 1006 632 καθ’
1015 565 1097 632 εἀυ-

139 664 200 734 τὸν
220 663 312 743 ὅπως
333 662 474 730 δύναται
496 665 601 740 ζῶντι.
643 652 748 746 οὗπερ
769 661 868 729 ἕνεκα
889 664 1097 747 σνίλίγεσθε

139 763 251 853 ὑμεῖς,
272 767 345 845 ἵνα,
368 752 418 828 ῶν
429 755 506 827 καθ’
520 758 580 824 ἕνα
595 760 685 826 ἐστὶν
695 758 831 837 ἕκαστος
843 756 939 845 ὑμῶν
948 758 1097 829 ἐλάττων

138 857 316 950 ήφίλοιςή
326 874 394 938 τοῖς
405 850 503 929 οὖσιν
513 851 536 942 ή
546 863 615 924 τῶν
625 855 737 924 ἄλλων
747 857 821 942 τινί,
833 856 964 925 τούτων
975 866 1097 927 συλλε-

138 965 252 1048 γέντες
263 959 405 1029 ἑκάστου
421 963 590 1040 κρείττους
605 980 640 1023 τε
656 960 820 1040 γίγνησθε
830 956 885 1023 καὶ
896 954 1023 1041 παύητε
1032 954 1097 1042 τήν

140 1058 251 1146 ὕβριν.

79 1177 127 1230 141
228 1156 319 1241 Τάχα
330 1161 446 1223 τοίνυν
456 1156 511 1223 καὶ
522 1154 675 1231 τοιοῦτός
689 1178 739 1232 τις
748 1150 819 1240 ἥξει
828 1151 913 1239 πρὸς
929 1149 1015 1240 ὑμᾶς
1033 1152 1096 1220 λό-

138 1283 213 1343 γος,
228 1254 284 1324 “τί
299 1254 339 1342 δή
351 1253 392 1322 τά
413 1251 520 1323 καὶτὰ
531 1248 739 1330 πεπονθῶςὸ
752 1255 845 1319 δεῖνα
856 1250 919 1319 οὐκ
930 1251 1096 1338 ἐλάμβανε

135 1353 153 1380 “
159 1360 255 1440 δίκην
271 1349 345 1439 παρ’
358 1349 478 1439 ἐμοῶ;”
500 1347 523 1436 ή
540 1348 596 1419 “τί
604 1347 668 1437 δή”
681 1352 784 1419 πάλιν
800 1351 904 1421 ἄλλον
921 1361 1000 1429 ίσως
1017 1348 1094 1418 τινά

138 1462 207 1523 τῶν
217 1452 430 1540 ήδικημίνων
446 1448 628 1536 ὀνομάζων.
653 1448 718 1534 ἐγῶ
736 1454 773 1518 δὲ
784 1449 824 1518 δι’
834 1447 874 1530 άς
883 1452 945 1536 μὲν
955 1449 1095 1535 προφά-

140 1573 207 1630 σεις
228 1553 364 1628 ἕκαστος
385 1547 562 1634 ἀφίσταται
583 1556 645 1616 τοῦ
666 1554 806 1635 βοηθεῖν
829 1547 937 1635 αὑτῶ,
965 1548 1095 1627 πάντας

139 1648 226 1736 ὑμᾶς
242 1651 363 1718 εἰδέναι
379 1652 517 1732 νομίζω·
539 1647 595 1713 καὶ
611 1643 676 1730 γάρ
694 1644 830 1732 άσχολία
847 1649 902 1715 καὶ
918 1645 1094 1733 άπραγμο·

140 1749 226 1834 σάνη
244 1748 299 1814 καὶ
314 1744 351 1815 τὸ
364 1742 409 1832 μή
423 1744 592 1813 δύνασθαι
602 1749 712 1830 λέγειν
727 1747 782 1812 καὶ
793 1743 915 1833 ἀπορίαι
927 1748 982 1813 καὶ
996 1744 1090 1831 μυρί’

78 1856 130 1908 142
139 1848 227 1915 ἐστὶν
239 1855 341 1913 αίτια·
363 1843 545 1930 προσήκειν
562 1846 675 1928 μέντοι
690 1844 798 1932 τούτῳ
812 1843 857 1930 μή
868 1854 971 1914 ταῦτα
981 1848 1093 1932 λέγειν

139 1943 284 2029 ἡγοῦμαι
294 1944 389 2026 νυνὶ,
411 1940 480 2011 ἀλλ’
493 1941 538 2020 ῶς
549 1940 590 2012 οὐ
606 1946 766 2029 πεποίηκε’
779 1969 811 2010 τι
827 1945 958 2012 τούτων
969 1937 1018 2011 ῶν
1029 1944 1092 2011 αὐ-

139 2050 201 2111 τοῦ
222 2040 433 2127 κατηγόρηκα
454 2039 639 2124 διδάσκειν,
660 2041 721 2108 ἐάν
738 2043 774 2108 δὲ
790 2039 835 2127 μή
857 2043 1012 2126 δύνηται,
1036 2028 1091 2110 διά

139 2138 236 2209 ταῦτ’
247 2139 455 2209 ἀπολωλέναι
466 2137 553 2208 πολὺ
565 2147 700 2227 μᾶλλον.
725 2145 756 2209 εί
764 2136 828 2224 γάρ
840 2140 1032 2225 τηλικοῦτός
1041 2148 1091 2219 τίς

139 2243 231 2309 ἐστιν
247 2238 331 2312 ῶστε
348 2246 486 2309 τοιαῦτα
497 2247 603 2308 ποιῶν
614 2239 784 2307 δύνασθαι
794 2236 869 2309 καθ’
879 2239 939 2305 ἕνα
950 2239 1091 2304 ἕκαστον

138 2335 235 2426 ήμῶν
246 2337 442 2426 ἀποστερεῖν
458 2346 521 2409 τοῦ
532 2344 624 2425 δίκης
639 2337 714 2424 παρ’
727 2335 834 2407 αὐτοῦ
844 2350 969 2423 τυχείν,
993 2344 1091 2425 κοινῇ
1100 2369 1151 2424 561

138 2445 215 2521 νῦν,
227 2438 401 2523 ἐπειδήπερ
412 2446 572 2523 εἴληπται,
589 2445 691 2505 πᾶσιν
702 2435 786 2521 ὑπὲρ
796 2434 954 2505 ἁπάντων
962 2437 1031 2504 ἐστὶ
1041 2462 1091 2501 τι-

138 2540 304 2622 μωρητέος
315 2533 359 2613 ῶς
370 2533 482 2614 κοινὸς
492 2535 612 2620 ἐχθρὰς
622 2542 664 2621 τή
678 2542 835 2622 πολιτεία.

77 2656 128 2710 143
221 2636 360 2718 Λέγεται
368 2639 483 2700 τοίνυν
493 2632 572 2700 ποτὲ
579 2634 615 2698 ἐν
624 2640 666 2718 τή
677 2633 770 2701 πόλει
780 2633 863 2703 κατά
873 2632 936 2721 τήν
945 2631 1089 2702 παλαιάν

137 2736 267 2816 ἐκείνην
284 2727 500 2817 εὐδαιμονίαν
514 2728 720 2817 Ἀλκιβιάδης
735 2738 905 2819 γενέσθαι,
924 2725 1088 2824 ᾦσκέιγα-

16 2900 18 2905 ,
137 2841 211 2915 σθε,
228 2838 331 2897 τίνων
347 2829 546 2916 εὐεργεσιῶν
562 2827 787 2916 ὑπαρχουσῶν
804 2834 859 2900 καὶ
870 2840 975 2899 ποίων
985 2837 1088 2898 τινῶν

137 2927 220 3014 πρὸς
236 2926 297 2996 τὸν
313 2933 437 3015 δῆμον,
460 2937 530 3008 πῶς
550 2929 726 3016 ἐχρήσανθ’
747 2928 843 3016 ὑμῶν
862 2934 897 2998 οί
914 2930 1085 3015 πρόγονοι,

136 3026 247 3116 ἐπειδή
258 3026 420 3116 βδελυρὸς
431 3029 487 3095 καὶ
496 3026 653 3116 ὑβριστής
665 3027 745 3120 ρ’ίετο
758 3032 828 3094 δείν
840 3025 933 3095 εἶναι
955 3029 1010 3095 καὶ
1023 3024 1086 3093 οὐκ

135 3125 310 3196 άπεικάσαι
322 3127 431 3214 δήπου
438 3131 583 3196 Μειδίαν
590 3125 780 3215 Ἀλκιβιάδη
790 3126 995 3212 βουλόμενος
1005 3125 1086 3192 τού-

135 3250 197 3292 του
209 3228 447 3312 μίμνημαιτοῶ
457 3225 578 3311 λόγου,
602 3225 663 3312 οὐχ
673 3223 779 3304 οὕτως
797 3226 862 3310 εἰμὶ
877 3223 996 3310 άφρων
1007 3220 1082 3292 οὐδ’

135 3321 344 3409 άπόπληκτος
357 3323 430 3411 ίγῶ,
449 3321 518 3395 ἀλλ’
530 3323 571 3392 ἵν’
583 3322 687 3410 εἰδῆθ’
702 3321 804 3410 ὑμεῖς,
818 3317 845 3391 ῶ
856 3322 975 3410 ἄνδρες
984 3321 1087 3408 Ἀθη-

135 3436 233 3507 ναδοι,
246 3425 300 3490 καὶ
312 3422 415 3508 γνῶθ’
430 3423 480 3492 ὅτι
491 3421 591 3492 οὐδὲν
602 3421 674 3490 οὔτ’
684 3428 773 3492 ἔστιν
783 3421 854 3493 οὔτ’
865 3428 965 3510 ἔσται,
976 3420 1019 3490 οὐ
1028 3423 1085 3508 γε’-
