2370 3854
47 190 112 251 ΟΣ
128 183 340 248 ΒΟΙΩΤΟΝ
351 182 461 242 ΠΕΡΙ
482 181 571 241 ΤΟΥ
586 181 854 240 ΟΝΟΜΑΤΟΣ.
877 179 939 241 467

47 349 262 433 ταράχραμμα
280 339 303 429 ἦ
319 342 399 409 ἀλλο
411 368 442 407 τι
456 339 572 427 πληνὸ
589 338 696 427 πατὴρ
715 342 769 407 καὶ
785 339 803 409 ὁ
820 347 939 428 όῆμοςς

52 447 160 512 όντων
179 443 304 529 ἀμφοῖν
321 449 390 507 τῶν
408 437 519 506 αὐτῶν
536 439 641 526 πολλὴ
653 437 777 525 ταραχὴ
796 448 940 528 συμβαί-

47 601 49 610 ,
85 552 179 629 φέρε,
205 550 235 610 εί
250 543 286 609 δὲ
303 537 416 625 κριτὴς
431 548 562 606 καλοῖτο
578 546 773 615 Μαντίθεος
782 545 939 607 Μαντίου

47 652 153 727 ρι’κιος,
164 648 198 708 τί
207 638 250 707 ἀν
268 653 433 724 ποιοίμεν;
456 633 479 723 η’
496 642 684 725 βαδίζοιμεν
695 633 738 704 ἀν
753 636 870 722 ἀμφως
891 646 939 726 τῷ

47 771 52 805 ι
76 749 166 809 ἔσται
189 747 293 826 δῆλον
313 738 457 823 πότερον
479 740 516 806 σὲ
537 734 732 825 κέκληκενῆ
754 741 824 825 ε’μέ;
855 736 938 822 πρός

47 869 79 923 ις,
93 836 137 906 ἀν
148 839 180 906 δ’
192 837 298 924 ἀρχὴν
308 835 498 923 ηντινοῦνὴ
518 838 613 915 πόλις
624 847 754 923 κληροῖ,
773 835 844 906 οἷον
855 846 939 926 βου-

65 937 87 1025 η’
107 940 319 1024 θεσμοθέτου
340 932 362 1022 ἢ
382 944 452 1004 τῶν
468 936 595 1021 ἀλλων,
619 944 665 1026 τῶ
682 942 780 1022 δῆλος
798 934 939 1023 ὁλαχῶν

47 1047 83 1104 όν
96 1043 200 1118 ἕσταις
235 1035 322 1121 πλην
339 1042 370 1103 εί
387 1050 538 1121 σημεῖον,
563 1035 674 1119 ῶσπερ
692 1035 871 1125 ἀλλῳτινὶ,
890 1046 938 1124 τῷ

50 1145 110 1227 κίῳ
129 1141 320 1221 προσέσται·
350 1138 404 1203 καὶ
419 1132 499 1202 οὐδὲ
515 1132 609 1202 τοῦθ’
621 1131 784 1220 ὁποτέρου
801 1138 889 1202 ἐστὶν
906 1139 940 1203 oc

47 1243 102 1305 ,λοὶ
114 1237 308 1322 γνώσονται.
332 1234 459 1303 οὐκοῦν
471 1232 489 1302 ὁ
500 1234 562 1320 μὲν
573 1231 702 1318 ἕαιπὸν,
715 1235 777 1319 ἐχῶ
790 1232 822 1301 δ’
835 1238 937 1321 ἐμαυ-

65 1338 162 1421 φήσω
179 1333 238 1403 τόν
256 1331 389 1419 εἰληχότ’
402 1333 495 1401 εἶναι.
529 1332 647 1401 λοιπόν
664 1340 709 1413 εἰς
725 1332 762 1402 τό
780 1335 936 1421 δικαστή-

47 1433 155 1520 νὴμᾶς
172 1437 313 1502 εἰσιέναι.
343 1430 470 1500 οὐκοῦν
486 1429 533 1517 ἐφ’
546 1432 670 1522 έκάστῳ
692 1432 821 1501 τούτων
842 1438 936 1501 δικα-

50 1560 123 1618 ριον
139 1531 219 1619 ἡμῖν
235 1529 256 1618 ἡ
275 1533 370 1610 πόλις
391 1541 518 1615 καθιεῖ,
529 1534 585 1599 καλ
595 1539 657 1599 τοῦ
673 1535 735 1618 μὲν
750 1540 868 1601 κοινοῦ
881 1534 936 1600 καί

47 1659 72 1715 ν,
85 1640 146 1698 τοῦ
157 1629 216 1700 τόν
227 1628 353 1716 λαχόντ’
367 1631 489 1716 ἀρχειν,
502 1629 816 1718 ἀποστερησόμεθα,
833 1630 936 1718 ἀλλή-

49 1758 65 1808 ς
77 1731 112 1798 δὲ
124 1738 327 1816 πλυνοῦμεν,
334 1732 389 1797 καί
400 1728 418 1797 ὁ
428 1737 474 1818 τῷ
484 1730 572 1820 λόγῳ
583 1732 749 1818 κρατήσας
760 1731 859 1819 ἀρξει.
882 1734 937 1798 καί

49 1828 90 1914 ερ’
103 1826 146 1896 ἀν
154 1835 303 1916 βελτίους
315 1839 427 1915 είημεν
437 1837 505 1896 τῶν
516 1827 739 1915 ὑπαρχουσῶν
750 1835 937 1899 δυσκολιῶν

47 1929 269 2015 ιλλαττόμενοι
281 1924 303 2014 ἢ
314 1926 430 2006 καινάς
442 1934 563 2014 ἔχθρας
574 1931 628 1996 καὶ
641 1936 852 2016 βλασφημίας
861 1953 936 1995 ποι-

47 2056 141 2108 ιενοι;
164 2026 203 2106 ἀς
218 2036 306 2094 πᾶσα
321 2025 449 2114 ἀνάχκη
467 2034 678 2114 συμβαίνειν,
698 2026 780 2095 ὅταν
796 2026 897 2113 ἀρχῆς
913 2025 936 2112 ἤ

47 2155 75 2206 ις
94 2128 199 2195 ἀλλον
216 2126 299 2210 πρός
315 2122 401 2213 ἡμᾶς
416 2124 538 2204 αὐτοὺς
555 2124 822 2212 ἀμφισβητῶμεν.
844 2132 880 2192 τί
888 2124 933 2210 δὲ,

48 2227 112 2311 ἀρα
130 2232 196 2313 (δεῖ
208 2225 273 2311 χάρ
290 2223 413 2293 ἀπανθ’
425 2223 511 2312 ἡμᾶς
528 2224 688 2309 ἐξετάσαι)
708 2222 824 2307 ἀτερος
838 2221 935 2309 ἡμῶν
942 2248 995 2302 998

47 2347 99 2404 σας
115 2325 174 2393 τὸν
192 2329 322 2413 ἕτερον,
345 2324 403 2393 ἐάν
414 2326 516 2413 λάχη,
538 2327 747 2409 παραδοῦναι
764 2319 856 2411 αὑτηί
873 2321 934 2408 την

48 2425 91 2512 ὴν
108 2423 197 2492 οὕτω
214 2434 394 2511 κληρῶται;
425 2423 462 2492 τό
481 2429 577 2491 όυοίυ
600 2430 768 2491 πινακίοιν
790 2421 851 2491 τόν
875 2424 934 2490 ἕνα

51 2534 194 2610 ροῦσθαι
210 2533 244 2592 τί
259 2523 340 2593 ἀλλο
357 2528 461 2602 ἐστίν;
484 2515 636 2612 εἶτ’ἑηίῶ
652 2522 804 2591 θάνατον
815 2527 933 2608 ζημίαν

47 2626 124 2690 όιιοο
142 2629 244 2691 λένει.
266 2623 359 2691 τοῦθ’
377 2623 457 2691 ἀαῐν
485 2621 588 2690 ἀδεῶς
610 2624 735 2690 ἐξέσται
756 2620 931 2690 ποάττεινε
