2370 3854
365 222 506 283 ΠΡΟΣ
530 223 824 319 ΛΕΙΙΤΙΝΗΝ.
1031 227 1072 288 39

119 388 290 472 δεδομένη.
309 381 410 450 ἵναδ’
424 381 561 467 είδήτε”
541 408 592 449 οτι
603 409 706 448 ταυτα
717 409 837 452 τουτον
848 386 956 471 ἔχει
922 413 982 455 τον
992 412 1072 471 τρο

118 507 200 568 τιον,
222 486 304 569 λαβέ
319 509 376 568 μοι
392 490 526 566 πρῶτον
543 480 604 566 μὲν
621 489 678 567 τῆς
690 483 809 568 στήλης
820 481 860 550 τοὶ
873 483 1070 571 ἀντίγραφα,

119 580 232 651 ἶτα
198 609 260 669 την
271 608 377 668 αρχην
386 606 448 649 του
458 605 566 665 νομου
577 606 638 647 του
623 587 823 648 Λεπτίνου.
848 586 929 665 λε’γε

348 732 614 794 ΑΝΤΙΓΡΑΦΑ
636 733 838 794 ΣΤΗΛΗΣ

59 899 110 953 123
200 870 352 939 Ἀκούετε
362 879 431 939 τῶν
453 869 668 956 ἀντιγράφων
678 879 736 957 τῆς
747 868 882 956 στήλης,
906 862 1071 957 ῶόίνδρες

116 965 303 1056 Ἀθηναῖοι,
327 968 450 1048 ἆτελείς
462 967 585 1048 αὐτοὺς
603 969 687 1037 εἶναι
703 970 910 1039 κελευόντων
925 967 1013 1056 πλήν
1023 974 1069 1036 ἱε-

119 1077 197 1150 ρῶν.
222 1073 295 1156 λέγε
308 1069 347 1156 δή
360 1070 422 1156 τήν
434 1066 539 1155 ἀρχήν
551 1077 612 1135 τοῦ
623 1069 731 1154 νόμου
743 1076 805 1135 τοῦ
814 1075 990 1136 Λεπτίνου.

503 1221 679 1281 ΝΟΜΟΣ.
1080 1237 1129 1291 496

203 1362 331 1432 Καλῶς.
367 1356 521 1433 κατάθες.
553 1358 692 1441 γράψας,
706 1357 795 1434 ὅπως
807 1356 849 1423 ῶν
861 1357 1071 1423 οίτιλουσιῶ-

116 1479 209 1520 τατοι
231 1460 464 1538 λειτουργῶσι,
487 1453 600 1538 μηδέν’
613 1453 699 1521 εἶναι
716 1457 948 1537 προσέγραψεν
971 1453 1071 1540 οἶτελή

116 1549 206 1630 κλήν
228 1557 295 1615 τῶν
317 1547 373 1635 ἀφ’
390 1547 568 1635 Ἁρμοδίου
590 1555 647 1620 καὶ
664 1549 947 1636 Ἀριστογείτονος.
981 1558 1070 1632 τίνος

118 1645 212 1730 ἕνεκ’
235 1658 268 1715 εί
283 1675 320 1734 γε
331 1646 368 1716 τό
387 1657 456 1718 τῶν
471 1655 572 1736 ίερῶν
583 1658 674 1730 τέλος
685 1655 753 1719 ἐστὶ
762 1660 983 1736 λειτουργεῐν;
1006 1651 1070 1717 αὐ-

117 1744 173 1826 τὸς
184 1747 248 1832 γὰρ
260 1745 382 1816 οὑτωσί
394 1748 552 1818 τοίναντία
564 1777 604 1836 τη
592 1751 719 1837 στήλη
730 1777 922 1836 γεγραφως,
935 1778 979 1817 αν
989 1758 1070 1817 τοῦ-

58 1874 108 1928 129
117 1870 153 1911 το
166 1849 260 1933 λεγη,
284 1847 476 1932 φανήσεται.
510 1845 693 1935 ήδέωςδ’
671 1876 714 1916 αν
736 1847 829 1934 ἔγωγ’
846 1853 982 1935 ἐροίμην
1003 1858 1069 1917 Λε-

118 1950 276 2027 πτίνην,τ
258 1954 348 2024 τίνος
360 1943 727 2034 αὐτοῖςτήνοίτέλειανή
739 1947 781 2014 σδ
790 1974 855 2016 νυν
861 1955 1069 2017 καταλείπειν

117 2038 476 2128 φήσειςήέκειμνονς
437 2072 512 2113 τοτε
530 2052 666 2130 δοῦναι,
689 2045 748 2126 τοὶς
765 2045 1007 2132 λειτουργίας”
987 2073 1068 2114 οταν

118 2141 200 2208 εἶναι
222 2151 288 2228 φής
300 2149 407 2225 ίερῶν.
436 2153 505 2212 τῶν
522 2144 633 2230 μὲν
594 2173 657 2230 γαρ
668 2143 756 2223 είς
723 2171 783 2213 τον
794 2144 940 2231 πολεμον
951 2153 1069 2211 πασῶν

117 2247 286 2324 εἰσφορῶν
299 2244 354 2307 κοδ
364 2251 586 2328 τριηραρχιῶν
596 2247 632 2310 ἐκ
643 2251 712 2309 τῶν
722 2253 873 2310 παλαιῶν
881 2245 995 2327 νόμων
1006 2243 1068 2308 οὐκ

118 2341 201 2404 εἰσὶν
214 2337 351 2414 οἰτελείς·
376 2348 444 2409 τῶν
456 2340 492 2405 δὲ
505 2347 735 2424 λειτουργιῶν,
760 2350 850 2422 είκερ
864 2341 946 2406 είσὶν
958 2345 1067 2424 ἱερῶν,

56 2452 107 2505 130
119 2431 196 2500 οὐδ’
209 2439 350 2519 ἔχουσιν.
385 2433 469 2503 ἄλλα
490 2435 559 2522 μήν
575 2439 759 2522 γέγραπταί
772 2436 798 2522 γ’
813 2438 936 2516 οἷτελείς
947 2436 1069 2518 αὐτοὺς
1139 2514 1145 2518 ,

118 2531 210 2599 εἶναι.
246 2539 352 2613 τίνος;
369 2529 465 2619 ήτοῦ
475 2542 658 2620 μετοικίου;
672 2545 772 2605 τοῦτο
789 2535 853 2623 γὰρ
865 2537 991 2604 λοιπόν.
1026 2536 1068 2606 οὐ

118 2630 236 2717 δήπου,
250 2628 334 2698 αλλὰ
346 2641 414 2698 τῶν
425 2635 610 2717 ἐγκυκλίων
621 2633 879 2722 λειτουργιῶν,’
855 2662 899 2715 ως
909 2635 933 2762 η’
942 2663 977 2704 τε
988 2639 1068 2724 στή-

117 2739 156 2814 λη
170 2734 266 2815 δηλοί
276 2728 331 2798 καὶ
344 2730 387 2799 συ
398 2737 670 2818 προσδιώρισας
654 2763 690 2803 εν
703 2742 749 2802 τῶ
767 2736 859 2822 νόμω
872 2735 927 2802 καὶ
940 2761 1067 2820 μαρτυ-

118 2845 171 2912 ρει
178 2854 241 2906 τας
253 2827 270 2896 ὁ
283 2828 347 2913 κρὸ
359 2840 421 2899 τοῦ
430 2832 550 2917 χρόνος
567 2834 731 2918 γεγονῶς,
755 2823 840 2900 ἐν
814 2859 839 2899 ω
858 2834 1007 2920 τοσούτω
1029 2831 1065 2900 τὸ

118 2927 290 3013 πλῆθος”
269 2955 342 2996 οντι
363 2929 440 2998 οὔτε
457 2931 547 3018 φυλή
571 2933 687 3000 τῶκοτ
691 2931 866 3048 ’ἐνεγηελν
887 2930 1067 3016 ἐτόλμησεν

118 3023 256 3110 οὐδεμία
267 3025 389 3094 ουδένα
399 3029 498 3096 δείν’
480 3053 526 3096 ατι
525 3028 681 3098 ’ἐκείνων
692 3029 836 3116 χορηγὸν
847 3029 907 3097 οὔτ
904 3027 1068 3115 ’ἐνεχθεὶς

118 3121 231 3201 αὐτοῖς
241 3123 339 3203 ἄλλος
351 3125 459 3206 οὐδεὶς
470 3125 674 3197 ἀντιδοῦναι.
700 3125 749 3207 οἷς
760 3127 822 3195 οὐκ
834 3126 1015 3195 ἀκουστέον
1025 3124 1069 3195 ῶν

118 3231 250 3290 ἐναντία
261 3232 367 3312 τολμᾷ
377 3228 492 3311 λέγειν.
993 3315 996 3319 ἡ

59 3347 106 3400 131
195 3323 263 3390 Ἔτι
279 3329 394 3390 τοίνυν
411 3335 490 3404 ἴσως
507 3326 720 3410 ἐπισύροντες
738 3327 873 3408 ἐροῦσιν
891 3321 935 3401 ῶς
951 3331 1069 3410 Μεγα-

117 3434 184 3506 ρεῖς
201 3423 256 3489 καὶ
269 3422 460 3510 Μεσσήνιοί
475 3450 562 3503 τινες
581 3422 667 3491 εἶναι
685 3424 869 3510 φάσκοντες
886 3420 981 3490 ἔκειτ’
994 3420 1070 3489 ἄτε-
