2370 3854
151 196 216 260 434
336 201 459 258 XXXVI.
497 195 916 257 ΔΗΜΟΣΘΕΝΟΤΣ

151 355 298 444 ὀφείλων
314 355 419 427 αότόν
430 355 598 443 ἐκτήσατο.
629 356 754 424 καὶτὸν
765 363 966 444 Σωσίνομον
977 358 1032 424 καὶ
1044 353 1105 424 τόν

154 457 348 545 Τιμόδημον
361 458 416 540 καὶ
427 452 507 534 τούς
519 453 641 532 άλλους
651 458 855 539 τραπεζίτας,
878 461 926 538 οἳ,
949 455 1019 523 ἐπεί
1030 458 1105 523 δια-

150 555 245 623 λόειν
263 556 398 641 ἐδέησεν
414 551 463 632 οἷς
482 550 644 638 όφειλον,
668 553 843 638 ἐξέστησαν
860 549 1105 622 ἁπάντωντῶν

151 654 269 723 ὄντων.
300 651 387 721 οὐδ’
402 649 503 721 οὐδὲν
514 661 576 720 οίει
587 654 658 718 δεῖν
669 665 805 719 σκοπεῖν
817 644 934 720 οὐδ’
906 649 983 719 ωνὸ
996 675 1105 738 πατηρ
1114 664 1166 718 960

150 761 213 822 σοῦ
230 761 345 843 πολλῷ
360 757 500 839 βελτίων
518 745 566 818 τόν
580 748 670 818 καὶ”
647 775 785 835 αμεινον
796 759 859 818 σοῦ
869 757 1008 835 φρονῶν
1021 747 1104 869 πρός

107 851 258 920 51άπαντ
263 818 561 938 ’ἐβουλεύσατο
549 875 602 932 ος,
627 875 652 915 ω
674 855 744 917 Ζεῦ
764 852 819 916 καὶ
841 850 933 932 θεοὶ,
954 847 1103 937 τοσούτω

147 960 271 1020 τοῦτον
290 947 400 1036 ἡγεῖτο
424 957 488 1015 σοῦ
508 953 660 1024 πλείονος
683 944 776 1026 άξιου
798 943 957 1017 εἶναικαὶ
978 947 1032 1013 σοὶ
1048 949 1105 1015 καὶ

149 1052 254 1135 εαυτφ
243 1049 324 1115 καὶ
335 1061 404 1126 τοῖς
415 1044 585 1133 ὑμετέροις
596 1044 803 1130 πράγμασιν,
817 1041 900 1112 ὅστε
910 1041 1064 1131 άνδρὸς”
1044 1072 1105 1113 ον-

148 1173 204 1226 τος
221 1153 285 1214 σου
296 1170 434 1230 τουτου,
457 1171 499 1213 ου
488 1140 547 1213 σὲ
556 1171 625 1213 των
636 1143 837 1230 μισθωσεων
846 1147 1021 1212 κατέλιπεν
1031 1146 1104 1211 ἐπί-

148 1269 275 1331 τροπον
293 1241 400 1338 καὶ
364 1270 427 1330 την
442 1257 585 1329 γυναῖκα
602 1247 706 1310 ἔδωκε
722 1243 777 1309 καὶ
795 1247 859 1322 ζων
877 1238 982 1309 αὐτόν
998 1245 1103 1328 ἐτίμα,

149 1347 299 1428 δικαίως,
311 1371 337 1412 ω
326 1335 487 1428 ανδρες
480 1351 666 1429 Αθηναῖοι
686 1345 720 1409 οί
729 1368 792 1428 μεν
801 1366 865 1427 γαρ
876 1339 971 1409 αλλοι
980 1364 1105 1426 τραπε

147 1448 229 1522 ζῖται
147 1448 413 1529 μίσθωσιν
424 1467 466 1509 ου
457 1438 652 1527 φέροντες,
674 1438 748 1508 ἀλλ’
761 1438 885 1508 αυτοὶ
867 1453 994 1518 εαυτοις
1004 1443 1105 1526 ἐρνα

148 1541 281 1629 ζόμενοι
298 1541 418 1619 πάντες
436 1538 628 1622 ἀπόλοντο,
654 1530 751 1617 οὗτος
762 1541 799 1606 δὲ
809 1545 976 1625 μίσθωσιν
988 1545 1103 1625 φέρων

148 1641 210 1709 δύο
227 1640 373 1709 τάλαντα
390 1641 445 1707 καὶ
461 1638 705 1724 τετταράκοντα
721 1646 808 1724 μνᾶς
823 1635 904 1725 ὑμῖν
921 1643 1024 1705 ἔσωσε
1040 1638 1104 1725 τὴν

104 1738 320 1824 εντράπεζαν.
355 1731 403 1807 όν
422 1741 548 1818 ἐκεῖνος
563 1737 682 1824 μέν’
640 1763 739 1824 χαριυ
756 1735 835 1823 εἶχε,
860 1736 954 1803 τόδ’
978 1732 1101 1804 οὐδένα

147 1839 356 1923 ποιεῖλόγον,
369 1835 445 1906 ἄλλ’
456 1840 589 1906 ἐναντία
598 1863 639 1926 τη
624 1834 794 1923 διαδηκη
803 1831 1032 1912 καὶταῖςαπ
1015 1841 1102 1903 εκεί-

147 1963 208 2021 υης
225 1933 319 2020 άραῖς
335 1933 564 2021 γραφείσαις’
546 1933 611 2003 υπὸ
630 1943 691 2002 τοῦ
709 1942 772 2000 σοῦ
794 1932 918 2018 πατρὸς
939 1934 1099 2056 έλαόνεις,

148 2047 385 2120 συκοφαντεῖς,
409 2031 547 2111 διώκεις.
569 2058 594 2099 ω
582 2024 818 2117 βέλτιστε,εί
804 2025 1099 2099 ίοίόντεσέτοῦτ’

148 2127 324 2216 εἰπεῖν,οό
335 2130 470 2214 παόσει,
483 2132 539 2198 καὶ
549 2131 673 2216 γυάσει
684 2127 783 2198 τοῦδ’
786 2182 796 2216 ,
811 2128 862 2198 ότι
874 2137 1009 2198 πολλάν
1018 2156 1100 2217 χρη-

147 2230 262 2314 μάτων
271 2228 309 2298 τό
322 2229 464 2317 χρηστὸν
475 2228 560 2299 εἶναι
570 2229 839 2315 λυσιτελέστερόν
848 2233 931 2308 ἐστι;
943 2231 1099 2316 σοὶηοιῖυ,

148 2337 239 2414 είπερ
262 2327 372 2416 όληθῇ
396 2330 517 2415 λέγεις,
539 2329 688 2417 χρήματα
711 2329 773 2416 μὲν
792 2327 928 2398 τοσαῦτ’
952 2327 1100 2415 είληφότι

147 2424 246 2494 πάντ’
260 2426 452 2512 ἀπόλωλεν,
466 2426 511 2507 ὡς
522 2429 603 2516 φῄς·
626 2435 657 2496 εί
665 2427 693 2496 δ’
706 2420 800 2515 ἦσθα
811 2427 969 2514 ἐπιεικὴς,
983 2427 1046 2494 οόκ
1056 2425 1100 2496 άν

147 2548 227 2592 ποτε
237 2523 321 2592 αὐτοὶ
333 2519 515 2612 άυήλωσας.
837 2568 844 2579 ·

102 2638 139 2694 63
228 2621 316 2691 Ἀλλ’
336 2629 438 2711 ἐνωγε
453 2623 499 2711 μά
516 2622 577 2692 τόν
586 2634 653 2693 Δία
672 2626 728 2692 καὶ
743 2621 847 2701 θεοὺς
858 2627 1007 2705 πανταχῆ
1017 2641 1098 2686 σκο-

146 2730 220 2788 πῶν
239 2718 340 2790 οὐδὲν
356 2719 443 2808 ὁρῶ,
466 2722 551 2789 διότι
566 2718 610 2788 άν
627 2723 680 2789 σοὶ
691 2722 882 2798 πεισθέντες
892 2719 1098 2787 τουδὶκατα·

146 2825 237 2905 φηφί
234 2838 357 2886 σαιυτο.
387 2830 421 2887 τί
429 2845 509 2904 γαρ
525 2843 576 2886 οτι
587 2814 757 2903 πλησίον
738 2843 848 2885 οντων
858 2842 927 2884 των
938 2813 1100 2904 αδικημα

145 2943 213 2985 των
235 2920 395 3002 ἐγκαλεῖς;
417 2912 493 2984 ἀλλ’
516 2919 601 2983 ἔτεσι
621 2916 676 2989 καὶ
692 2915 825 3002 χρόνοις
841 2915 985 3003 ὕστερον
1002 2924 1097 3008 αἰτιᾷ.

146 3013 285 3084 ἀλλ’ὅτι
295 3041 418 3086 τουτου
430 3007 719 3104 απραγμωνησδα
729 3042 789 3085 του
799 3017 941 3138 χρόνους
958 3014 1040 3086 αλλα
1051 3025 1101 3096 τί

146 3114 210 3184 οὐκ
231 3115 360 3185 οδδεν”
339 3136 402 3185 οσα
420 3116 596 3203 πράγματα
613 3115 768 3233 πράττων
789 3112 832 3184 06
853 3119 1034 3200 πέπαυσαι,
1057 3114 1100 3182 06

146 3213 253 3297 μόνον
265 3219 358 3294 δίκας
368 3219 452 3294 ἰδίας
463 3212 646 3285 διάκωυ
605 3241 667 3285 ουκ
678 3213 833 3296 ἐλάττους
842 3218 996 3302 ταυτησὶ,
1013 3212 1097 3282 6666

146 3314 287 3401 δημοσία
298 3319 522 3400 συκοφαντῶν
533 3314 841 3400 καλκρίνωυτινάςς
863 3313 938 3401 οὐχὶ
952 3311 1100 3399 Τιμομά-

145 3430 207 3489 κου
228 3411 439 3496 κατηγόρειςς
460 3410 534 3500 οόχλ
553 3419 752 3482 Καλλίππου
771 3420 835 3482 τοῦ
855 3420 922 3482 νῦν
943 3410 1039 3490 ὄντος
1060 3413 1098 3478 ἐν
