2370 3854
315 218 457 278 ΠΡΟΣ
479 218 730 279 ONHTOPA
752 223 793 280 A.
973 220 1035 283 355

82 385 172 445 ἔσται
189 377 332 464 χρήστης
346 375 469 462 άδηλος
486 373 544 443 εἴτ’
565 373 734 445 άποδῶσει
751 382 884 458 δικαίως
902 389 966 448 είτε
977 379 1034 468 μή,

82 474 162 562 μετά
174 480 210 544 δὲ
221 481 279 562 τῆς
290 473 450 560 γυναικὸς
461 470 613 560 τάκείνης
623 470 770 554 ἀποδούς
780 481 900 555 οἰκεῖος
910 481 964 545 καλ
974 505 1036 565 κη-

44 590 73 640 13
83 574 211 660 δεστής·
234 577 271 641 ἐν
283 571 422 661 οὐδεμιᾷ
434 567 496 659 γάρ
514 575 603 640 ἐστιν
613 569 740 662 ὑποψίᾳ
751 574 792 642 τά
803 578 912 642 δίκαια
924 577 1035 644 πάντα

82 673 230 760 ποιήσας.
248 669 336 739 ὥσθ’
350 670 438 739 οὕτω
453 678 514 738 τοῦ
525 671 715 758 πράγματος
728 678 874 759 ἔχοντος,
889 676 944 742 καὶ
955 673 1032 741 τού·

81 768 237 838 τωνούδέ
248 768 327 837 καθ’
345 773 383 837 ἓν
400 762 449 837 ῶν
468 767 561 837 εἶπον
577 768 724 856 ὀφείλειν
743 770 1033 858 ἀναγκασθέντων,

82 868 160 937 οὐδὲ
172 871 410 956 βουληθέντων
427 864 486 955 ἀν,
502 867 565 937 ούκ
583 867 644 937 ἐστ’
658 877 761 939 εἰπεῖν
778 869 883 957 ἀλλην
900 871 1034 958 πρόφα-

83 987 136 1034 σιν
147 965 186 1035 δι’
198 965 242 1055 ἣν
253 965 316 1036 οὐκ
326 967 504 1051 ἀπέδοσαν,
516 965 588 1036 ἀλλ’
602 966 731 1056 ἀνάγκη
743 968 868 1056 ταύτην
879 967 963 1037 εἶναι
972 966 1035 1054 τήν

82 1074 206 1152 αἰτίαν,
228 1064 272 1134 δι’
286 1064 330 1153 ἣν
342 1071 461 1135 δοῦναι
470 1065 533 1153 τήν
544 1066 655 1152 προῖκ’
671 1066 733 1135 οὐκ
745 1071 950 1137 ἐπίστευσαν.

41 1182 72 1233 14
162 1163 243 1252 Ἐγῶ
261 1173 377 1234 τοίνυν
399 1163 674 1252 ὁμολογουμένως
696 1165 784 1233 οὕτω
801 1167 897 1235 ταῦτ’
909 1172 1036 1253 ἐξελέγ-

81 1291 166 1349 χων,
180 1263 224 1342 ῶς
236 1261 310 1331 οὐδ’
324 1264 467 1346 ὕστερον
480 1257 663 1349 ἀπέδοσαν,
680 1263 770 1350 οἶμαι
781 1267 903 1354 ῥηιδίως
914 1269 1036 1333 ἐπιδεί-

88 1368 156 1442 ξειν
166 1367 199 1443 ἐξ
214 1363 406 1430 αὐτῶντῶν
416 1366 676 1448 πεπραγμένων,
689 1359 777 1430 ὥσθ’
788 1360 869 1450 ὑμῖν
879 1367 1035 1448 γενέσθαι

83 1460 312 1545 φανερὸνὸτι,
335 1456 400 1528 κάν
418 1467 449 1528 εί
460 1458 503 1548 μή
524 1462 576 1529 ἐπὶ
587 1460 733 1546 τούτοις,
758 1459 830 1529 ἀλλ’
848 1463 901 1528 ἐπὶ
922 1469 968 1550 τῷ
980 1458 1034 1528 διά

82 1562 208 1644 ταχέων
222 1556 409 1625 ἀποδοῦναι
419 1557 604 1645 τάργύριον
615 1558 719 1645 εἶχον,
736 1557 798 1626 ούκ
810 1559 854 1627 ἀν
865 1559 941 1627 ποτ’
954 1556 1036 1626 ἀπέ-

82 1662 185 1725 δοσαν
196 1654 271 1726 οὐδ’
290 1653 334 1724 ἀν
344 1671 515 1744 προεῖντο·
537 1658 692 1736 τοιαύτας
706 1656 854 1744 ἀνάγκας
871 1655 957 1743 εἶχεν
972 1654 1035 1723 αύ-

45 1769 149 1834 Ιὸτοίς
162 1753 199 1823 τδ
212 1763 358 1842 πρᾶγμα.
380 1755 442 1823 δύο
459 1757 521 1842 μέν
536 1754 600 1841 γάρ
612 1759 702 1823 ἐστιν
719 1761 772 1841 ἐτη
783 1753 823 1822 τά
836 1752 958 1840 μεταξὺ
975 1761 1035 1821 τού

84 1859 283 1940 συνοικῆσαί
296 1880 332 1922 τε
348 1852 412 1941 τήν
424 1868 567 1940 γυναῖκα
582 1857 637 1922 καὶ
651 1863 756 1941 φήσαι
766 1849 906 1932 τούτους
920 1877 1036 1921 πεποι-
1155 1887 1158 1892 ·

82 1960 186 2037 ἧσθαι
195 1950 257 2039 τήν
269 1950 459 2034 ἀπόλειψιν·
475 1952 618 2040 ἐγήματο
630 1956 691 2039 μὲν
701 1951 766 2036 γάρ
777 1953 831 2020 ἐπὶ
840 1953 1036 2038 Πολυζήλου
1044 1967 1097 2023 868
1136 1977 1137 1981 ’

83 2051 242 2138 ἀρχοντος
252 2060 517 2139 σκιροφοριῶνος
525 2049 639 2138 μηνὸς,
651 2049 672 2138 ή
684 2048 712 2118 δ
724 2050 896 2133 ἀπόλειψις
906 2051 1034 2137 ἐγράφη

82 2156 301 2228 ποσειδεῶνος
318 2149 423 2237 μηνὸς
441 2153 494 2218 ἐπὶ
510 2151 751 2235 Τιμοκράτους·
775 2148 837 2234 ἐγῶ
856 2147 886 2215 δ’
908 2146 1035 2226 εύθέως

82 2246 162 2334 μετά
180 2245 260 2324 τούς
276 2247 405 2331 γάμους
429 2249 642 2332 δοκιμασθεὶς
661 2247 843 2314 ἐνεκάλουν
862 2248 917 2313 καλ
933 2246 1035 2331 λόγου

82 2343 233 2431 ἀπῄτουν
245 2345 300 2410 καλ
314 2343 451 2410 πάντων
465 2341 752 2428 ἀποστερούμενος
762 2341 822 2421 τὰς
834 2346 926 2421 δίκας
937 2341 1035 2428 ἐλάγ-

44 2465 74 2517 16
82 2468 184 2527 χανον
207 2443 261 2509 ἐπὶ
290 2449 354 2509 τοῦ
379 2438 484 2509 αὐτοῦ
500 2439 669 2529 ἀρχοντος.
703 2435 782 2527 ὁδή
801 2437 920 2527 χρόνος
936 2432 1046 2519 οὗτος,

82 2539 256 2628 ὀφειλῆσαι
266 2543 327 2627 μὲν
339 2541 503 2626 ἐνδέχεται
513 2536 595 2608 κατά
610 2536 668 2617 τάς
681 2535 871 2625 ὁμολογίας,
887 2537 1036 2606 ἀποδού-

81 2668 138 2709 ναι
150 2644 170 2708 δ
174 2639 184 2681 ”
195 2636 258 2708 ούκ
269 2645 333 2726 ἔχει
344 2646 464 2708 πίστιν.
487 2637 597 2726 δςγάρ
610 2636 663 2706 διά
674 2636 767 2706 ταῦτ’
782 2642 815 2719 ἐξ
827 2636 929 2726 ἀρχῆς
941 2637 1035 2724 ὀφεί-

83 2749 154 2807 λειν
171 2743 274 2808 είλετο
297 2742 352 2807 καὶ
371 2739 474 2807 τόκον
494 2742 627 2826 φέρειν,
660 2740 715 2804 ἵνα
734 2735 779 2823 μὴ
801 2736 994 2805 κινδυνεύοι
1013 2733 1034 2824 ή

83 2838 178 2924 προίξ
192 2836 272 2922 μετά
285 2844 344 2924 τής
357 2836 459 2924 ἀλλης
468 2836 599 2924 ούσίας,
613 2843 683 2914 πῶς
696 2827 795 2914 οὗτος
809 2830 853 2903 ἀν
865 2830 1036 2903 ἀπέδωκεν

81 2934 145 3022 ήδη
159 2914 221 3035 τήά
234 2938 331 3021 δίκην
343 2935 544 3022 φεύγοντος;
556 2932 593 3015 ὃς
604 2940 635 3003 εί
643 2937 699 3004 καλ
709 2933 774 3003 τότ’
785 2936 967 3018 ἐπίστευσε,
977 2960 1036 3019 τη-

82 3028 209 3099 νικαῦτ’
222 3025 267 3097 ἀν
281 3029 462 3120 ἀπολαβεῖν
474 3034 636 3120 ἐζήτησεν.
660 3031 723 3099 οάκ
733 3037 840 3099 ἔνεστι
850 3029 1035 3115 δήπουθεν,

45 3122 111 3209 ιτῶ
124 3129 244 3214 ἀνδρες
258 3132 417 3199 δικασταί.
439 3128 521 3200 ἀλλά
535 3127 603 3216 μὴν
623 3127 666 3208 ῶς
682 3129 824 3216 ἐγήματο
843 3130 904 3214 μὲν
916 3124 937 3218 ἡ
950 3127 1036 3215 γυνη

84 3226 165 3298 καθ’
178 3224 220 3296 δν
232 3225 297 3313 έγῶ
311 3231 396 3314 λέγω
405 3230 546 3316 χρόνον,
559 3227 719 3296 ἀντίδικοι
730 3225 761 3294 δ’
776 3224 869 3315 ἡμείς
878 3227 941 3316 ήδη
955 3226 1037 3314 πρὸς

85 3329 248 3416 ἀλλήλους
268 3328 306 3395 ἐν
322 3335 371 3418 τῷ
386 3325 507 3414 μεταξύ
523 3328 632 3416 χρόνῳ
653 3330 870 3414 κατέστημεν,
896 3325 1038 3414 ὕστερον

87 3428 119 3495 δ’
135 3425 157 3515 ἢ
171 3427 234 3514 ἐγῶ
248 3424 310 3512 τήν
322 3430 419 3512 δίκην
430 3432 548 3514 ἔλαχον
569 3425 631 3515 τήν
645 3416 936 3553 ἀπόλειψινὴούτοι
955 3423 1043 3505 πρὸς

776 3522 818 3576 Ἦ
