2370 3854
296 222 432 286 vm
462 224 798 288 ΦΟΡΜΙΩΝΟΣ.
963 226 1026 291 43³

69 384 256 472 τοῦλόγου.
287 380 374 452 οὐδ’
389 389 435 463 είς
451 381 551 454 τοῦθ’
571 382 662 470 ἥκεις
678 381 919 477 ἀγνωμοσύνης
937 386 1025 459 ὥσθ’

70 480 94 553 δ
104 483 264 573 προσήκει
274 503 326 552 σοι
338 482 416 562 τοὺς
427 487 581 569 λέγοντας
592 481 734 568 έχθροδς
745 492 905 573 νομίζειν,
929 487 1025 557 ταῦτ’

22 580 172 663 47αάτδς
189 596 293 662 ποιεῖς
309 580 461 669 ἀνάγκην
479 580 562 650 εἶναι
579 584 703 667 λέγειν,
726 585 782 651 καλ
802 581 946 671 ὑβρίζεις
965 586 1027 672 μὲν

69 678 198 751 σαυτδν
213 681 269 749 καλ
288 678 367 761 τοάς
377 682 495 767 γονέας
506 688 708 764 τεθνεῶτας,
730 686 979 768 προπηλακιῖεις
990 687 1026 752 δὲ

68 778 132 867 την
149 777 264 865 πόλιν,
281 781 337 848 καλ
355 777 378 846 ἀ
394 776 449 848 διά
462 786 520 866 τῆς
536 776 666 846 τούτων
676 786 930 867 φιλανθρωπίας
940 776 1026 849 ἀπο-

69 877 196 957 λαύσας
214 876 329 962 εὕρετο
347 876 365 945 ὁ
387 874 446 956 σδς
462 875 570 966 πατὴρ
589 879 644 945 καλ
660 874 741 964 μετὰ
752 886 855 947 ταῦτα
865 884 1025 967 Φορμίων

69 973 200 1062 οὑτοσὶ,
221 982 326 1043 ταῦτα
338 971 414 1043 ἀντὶ
424 983 487 1043 τοῦ
496 990 634 1063 κοσμεῖν
643 978 698 1045 καλ
710 980 947 1063 περιστέλλειν,
969 980 1026 1046 ἵνα

69 1076 126 1145 καλ
142 1089 211 1154 τοῖς
228 1079 347 1143 δοῦσιν
364 1071 408 1153 ὡς
424 1072 709 1161 εὐσχημονέστατα
726 1077 878 1160 ἐφαίνετο
895 1077 1027 1155 καὶτοῖς
1039 1072 1094 1131 959

71 1182 232 1262 λαβοῦσιν
249 1171 347 1261 ὑμίν,
370 1174 460 1258 ἀγεις
477 1179 522 1251 είς
531 1178 651 1258 μέσον,
673 1172 853 1257 δεικνύεις,
876 1176 1024 1258 ἐλέγχεις,

69 1274 177 1362 μόνον
198 1271 261 1342 οὐκ
282 1271 449 1353 ὀνειδίζεις
466 1267 539 1340 οἷον
557 1268 639 1338 ὄντα
657 1289 693 1338 σε
712 1271 908 1358 ἐποιήσαντο
925 1270 1025 1357 Ἀθη-

21 1378 167 1443 48υαλοι.
199 1371 257 1441 εἶτ’
278 1377 323 1452 είς
338 1367 440 1439 τοῦθ’
458 1369 550 1457 ἥκεις
560 1376 679 1455 μανίας
698 1367 817 1457 (τίγάρ
829 1364 873 1437 ἀν
886 1368 966 1437 ἀλλο
977 1396 1026 1448 τις

70 1478 186 1558 είποις)
210 1467 291 1539 ὥστ’
310 1467 372 1539 οὐκ
389 1469 545 1539 αἰσθάνει
563 1466 613 1539 ὅτι
629 1471 685 1536 καλ
703 1466 872 1555 νῦνὴμείς
884 1466 1024 1554 μὲνάξι-

71 1576 197 1656 οῦντες,
211 1568 387 1656 ἐπειδήπερ
399 1566 571 1654 ἀπηλλάγη
585 1571 758 1654 Φορμίων,
770 1564 886 1653 μηδέν’
898 1562 1024 1635 ὑπόλο-

69 1694 133 1754 γον
144 1667 228 1736 εἶναι
240 1678 274 1736 εί
279 1690 358 1736 ποτε
368 1675 431 1736 τοῦ
439 1673 502 1734 σοῦ
513 1663 636 1752 πατρὸς
647 1668 787 1750 ἐγένετο,
798 1662 882 1749 ὑπὲρ
895 1672 959 1733 σοῦ
968 1666 1023 1732 λέ-

69 1792 191 1853 γομεν,
214 1762 256 1833 σά
279 1765 315 1833 δέ
336 1762 493 1852 μηδέποτ’
518 1766 550 1843 έξ
567 1773 642 1832 ίσου
660 1781 713 1830 σοι
730 1766 888 1848 γενέσθαι
902 1769 1023 1830 τοῦτον

70 1861 173 1942 ἀξιῶν
188 1862 272 1931 κατά
290 1870 417 1932 σαυτοῦ
434 1868 550 1951 λέγεις·
574 1858 671 1949 ἀγάρ
683 1858 726 1929 ἀν
737 1862 780 1929 σὺ
792 1867 900 1931 δίκαια
912 1871 1023 1952 σαυτῷ

70 1961 154 2028 κατά
172 1965 294 2033 τούτου
311 1964 423 2052 τάξῃς,
445 1960 549 2047 ταύτά
567 1960 668 2031 ταῦθ’
687 1961 756 2050 ἥξει
766 1962 848 2030 κατά
860 1969 923 2030 σοῦ
934 1959 1023 2044 παρὰ

70 2063 139 2124 τῶν
155 2059 215 2126 τδν
231 2059 294 2128 σδν
311 2064 435 2146 πατέρα
446 2064 479 2142 ἐξ
490 2059 592 2147 ἀρχῆς
603 2064 825 2147 κτησαμένων.
861 2058 946 2128 ἀλλά
956 2060 1024 2144 μὴν

72 2151 123 2224 ὅτι
140 2152 291 2234 κάκεῖνος
307 2150 351 2242 ἦν
362 2165 481 2242 τινῶν,
503 2156 563 2224 εἶτ’
576 2156 747 2242 ἀπηλλάγη
759 2154 819 2224 τδν
830 2153 934 2223 αάτδν
944 2155 1019 2239 τρό·

72 2278 138 2323 πον
148 2253 252 2339 ὅνπερ
264 2245 361 2333 οὗτος
372 2251 433 2339 ἀφ’
445 2253 552 2340 ὑμῶν,
564 2257 647 2340 λαβέ
655 2280 711 2340 μοι
721 2254 859 2320 ταυτασὶ
868 2254 926 2331 τάς
937 2276 1022 2338 μαρ-

70 2361 199 2441 τυρίας,
212 2350 256 2433 ὡς
267 2354 396 2438 ἐγένετο
409 2358 547 2420 Πασίων
556 2351 799 2439 Ἀρχεστράτου.

415 2528 673 2588 MAPTYPIAI.

20 2652 60 2709 49
156 2648 237 2718 Εἶτα
254 2649 314 2719 τδν
332 2651 485 2720 σοι’σαντα
503 2650 564 2738 μέν
574 2653 606 2732 έξ
617 2648 718 2738 ἀρχῆς
728 2649 768 2718 τά
781 2650 956 2739 πράγματα
967 2649 1021 2717 καλ

70 2749 176 2816 πολλά
193 2749 355 2836 χρήσιμον
372 2748 476 2819 αὑτὸν
496 2749 707 2836 παρασχόντα
717 2758 765 2837 τῷ
776 2751 872 2835 πατρὶ
884 2757 930 2842 τῷ
940 2748 1018 2817 τού-

24 2848 28 2855 ’
69 2873 146 2934 του,
169 2856 313 2917 τοσαῦτα
325 2848 356 2917 δ’
370 2848 473 2919 αὐτὸν
483 2859 603 2918 τοῦτον
615 2847 726 2936 ἀγαθά
738 2854 954 2937 εἰργασμένον
965 2846 1017 2917 δσ’

68 2943 162 3033 ὑμεῖς
179 2944 357 3033 ἀκηκόατε,
381 2956 501 3017 τοῦτον
519 2958 620 3017 οίεται
639 2956 709 3017 δεῖν
725 2946 811 3018 έλώυ
820 2946 1021 3035 τηλικαύτην

70 3047 167 3130 δίκην
178 3041 298 3122 ἀδίκως
309 3047 468 3132 ἐκβαλεῖν.
504 3044 545 3114 οὐ
555 3044 620 3132 γάρ
634 3045 716 3115 ἀλλο
726 3046 759 3133 γ’
772 3052 855 3132 ἔχοις
866 3044 967 3115 οὐδὲν
978 3042 1021 3114 ἀν

70 3150 215 3230 ποιῆσαι.
240 3149 286 3221 είς
295 3143 428 3231 μλυγάρ
437 3145 477 3213 τά
487 3143 568 3214 ὄντα
578 3143 908 3234 είβλέπειςάκριβως,
917 3153 1018 3214 ταῦθ’

69 3233 221 3325 εὑρήσεις
233 3232 397 3327 ἀνέστιν,
416 3242 490 3330 έάν,
514 3239 534 3311 δ
544 3243 588 3330 μὴ
599 3247 746 3331 γένοιτο,
769 3246 1022 3330 ἐξαπατηθῶσιν

22 3327 172 3404 bombo».
194 3334 274 3425 ὁρᾷς
285 3338 345 3405 τὸν
354 3336 581 3429 Ἀριστόλοχον
592 3341 651 3411 τδν
662 3342 873 3430 Χαριδήμου;
886 3341 961 3412 ποτ’
975 3343 1022 3413 ελ-

68 3460 126 3522 χεν
144 3433 266 3521 ἀγρὸν,
291 3435 358 3503 είτά
375 3465 413 3524 γε
430 3447 498 3508 νῦν
513 3449 645 3512 πολλοί·
666 3450 800 3524 πολλοῖς
816 3439 880 3530 γάρ
897 3446 1023 3524 ἐκεῖνος

110 3531 248 3585 Βοωοωίι.
271 3533 329 3585 Vol.
341 3533 376 3590 ΙΙ.
834 3542 870 3596 ²8
