2370 3854
354 217 499 281 RATA
519 217 735 282 Αωοιεον
752 227 792 282 A.
984 205 1074 284 εοο

93 380 183 464 σταλ,
198 385 371 448 κατέλιπεν
380 374 500 447 ούσίαν
510 376 572 466 μέν
583 376 702 465 σχεδὸν
714 381 881 464 τεττάρων
896 384 951 453 καὶ
967 389 1047 454 δέκα

92 474 280 564 ταλάντων,
307 478 364 563 ἐμὲ
386 474 418 544 δ’
439 474 510 546 ἕπτ’
532 479 618 547 έτιὸν
633 475 716 545 ὄντα
733 477 873 568 καλιήν
896 479 1048 573 ἀδελφήν

94 575 208 662 πέντε,
235 580 283 644 ἔτι
300 576 336 645 δὲ
356 575 418 664 τήν
430 572 593 662 ἡμετέραν
603 579 727 663 μητέρα
744 577 950 665 πεντήκοντα
961 589 1047 669 μνᾶς

94 679 140 753 είς
154 671 215 742 τάν
233 672 622 760 οἷκονείσενηνεγμέυην.
644 672 912 762 βουλευσάμενος
924 679 960 746 δέ
969 680 1046 765 περὶ

92 769 199 860 ἡμῶν,
211 769 262 841 ὅτ’
283 774 396 858 ἔμελλε
407 779 576 859 τελευτάν,
588 769 720 840 ἅπαντα
732 778 837 842 ταῦτα
848 775 1045 861 ἐνεχείρισεν

90 870 223 962 Ἀφόβῳ
240 898 275 940 τι
290 871 398 962 τούτω
416 872 471 940 καὶ
491 878 699 959 Δημοφῶντι
718 878 764 961 τῷ
785 873 951 959 Δήμωνος
968 879 1043 962 υίεῐ,

92 968 226 1037 τούτοιν
237 969 299 1056 μὲν
314 967 510 1055 ἀδελφιδοῖν
526 968 657 1056 ὄντοιν,
681 977 730 1059 τῷ
748 969 811 1055 μὲν
829 973 863 1050 έξ
882 967 1044 1060 ἀδελφοῦ,

91 1075 138 1158 τῷ
165 1064 197 1136 δ’
210 1069 244 1148 ἐξ
267 1068 416 1156 ἀδελφῆς
436 1068 649 1157 γεγονότοιν,
671 1075 719 1137 ἔτι
739 1067 775 1137 δέ
787 1074 976 1160 Θηριππίδῃ
998 1079 1043 1163 τῷ

92 1174 254 1254 Παιανιεῖ,
269 1171 357 1253 γένει
368 1168 430 1254 μὲν
442 1166 542 1236 ούδδν
552 1167 764 1255 προσήκοντι,
777 1177 863 1259 φίλω
874 1167 907 1237 δ’
922 1172 1045 1239 ἐκπαι-

64 1263 151 1345 εδός
163 1262 355 1352 ὑπάρχοντι.
378 1264 521 1354 κάκείνῳ
538 1266 599 1350 μὲν
610 1268 735 1332 ἔδωκεν
750 1267 787 1334 έκ
804 1274 873 1334 των
886 1268 976 1353 ἐμῶν
987 1270 1044 1356 έβ·

94 1364 282 1452 δομήκοντα
295 1369 382 1450 μνάς
391 1363 636 1449 καρπώσασθαι
647 1370 811 1432 τοσούτου
823 1366 964 1451 χρόνον,
981 1368 1043 1445 ἕως

92 1462 156 1546 έγά
175 1458 261 1547 ἀνὴρ
273 1460 359 1529 εἶναι
371 1467 627 1549 δοκιμασθείην,
644 1461 733 1540 ὅπως
745 1460 790 1549 μή
802 1461 848 1531 δι’
861 1466 1043 1549 ἐπιθυμίαν

91 1558 269 1645 χρημάτων
279 1559 392 1644 χεῖρόν
401 1587 433 1628 τι
444 1569 513 1628 τῶν
523 1563 613 1647 έμωυ
625 1560 818 1648 διοικήσειε·
836 1570 1041 1650 Δημοφῶντι

93 1658 129 1727 δὲ
143 1654 205 1744 τήν
220 1655 305 1744 έμήν
322 1657 472 1747 ἀδελφήν
484 1660 541 1728 καὶ
559 1659 621 1727 δύο
639 1659 784 1729 τάλαντα
801 1657 908 1739 εύδύς
917 1663 1042 1730 ἔδωκεν

91 1761 177 1842 ἔχειν
183 1807 193 1840 ,
226 1754 319 1849 αύτῷ
331 1758 483 1848 δέτούτφ
499 1757 561 1845 τήν
577 1758 701 1846 μητέρα
719 1756 784 1845 τήν
805 1755 969 1846 ἡμετέραν
989 1761 1044 1828 καὶ

91 1867 211 1942 προῖκα
236 1852 441 1943 ὀγδοήκοντα
461 1864 563 1944 μναῖς,
592 1858 704 1944 καλιῇ
726 1863 814 1946 οἰκίᾳ
833 1860 890 1927 καλ
911 1857 1044 1927 σκεύεσι
1150 1905 1153 1911 -

89 1960 235 2040 χρῆσθαι
246 1969 314 2034 τοϊς
325 1957 424 2043 έμοῑς,
440 1952 634 2043 ἡγούμενος,
646 1957 701 2025 καλ
712 1956 853 2037 τούτους
863 1963 911 2027 έτι
922 1962 1044 2028 οίκειο-

92 2055 208 2137 τέρους
223 2062 256 2122 εί
262 2079 319 2140 μοι
332 2054 518 2142 ποιήσειεν,
542 2053 604 2124 ούκ
616 2051 660 2122 ἀν
669 2055 781 2140 χεῖρόν
790 2082 831 2143 με
848 2052 1043 2140 ἐπιτροπευ-

65 2157 196 2238 ὅθήναι
205 2151 327 2237 ταύτης
337 2158 395 2238 τῆς
406 2152 606 2238 οἰκειότητός
616 2178 672 2238 μοι
689 2156 965 2239 προσγενομένης.
984 2161 1044 2220 λα-

89 2248 207 2336 βόντες
219 2246 252 2315 δ’
264 2240 358 2316 ούτοι
367 2256 472 2316 ταῦτα
493 2257 628 2335 πρῶτον
648 2255 765 2335 σφίσιν
785 2248 898 2329 αὐτοῖς
919 2253 956 2318 έκ
976 2259 1044 2317 τῶν

89 2347 281 2433 χρημάτων,
292 2346 348 2413 καλ
356 2345 419 2432 τήν
431 2346 536 2433 ἀλλην
547 2345 666 2415 ούσιλιν
679 2345 814 2415 ἅπασαν
824 2352 1103 2435 διαχειρίσαν-Βις

89 2469 158 2529 τες,
176 2443 231 2512 καὶ
248 2445 326 2512 δέκα
338 2447 392 2531 έτη
405 2440 491 2532 ήμάς
501 2445 813 2532 ἐπιτροπεύσαντες,
834 2443 874 2514 τά
885 2448 948 2534 μέν
958 2444 1042 2514 ἀλλα

89 2541 198 2611 πάντα
219 2538 477 2630 ἀπεστερήκασι,
503 2541 566 2630 τήν
586 2549 696 2613 οίκίαν
716 2546 752 2611 δέ
772 2545 827 2610 καλ
847 2541 1041 2631 ἀνδράποδα

87 2644 224 2728 τέτταρα
234 2643 291 2711 καὶ
307 2643 388 2711 δέκα
404 2643 460 2712 καὶ
477 2640 640 2729 ἀργυρίου
656 2648 741 2728 μνᾶς
757 2637 954 2729 τριάκοντα,
976 2642 1041 2727 μά-

88 2749 183 2808 λιστα
204 2739 379 2829 σύμπαντα
399 2749 504 2810 ταῦτα
524 2747 570 2822 είς
589 2741 815 2829 ἑβδομήκοντα
830 2749 916 2829 μνάς
931 2765 1041 2825 παρα-

64 2837 282 2908 7δεδάκασιν.
316 2838 417 2909 καὶτὰ
439 2841 501 2928 μὲν
520 2842 702 2927 κεφάλαιον
722 2848 791 2910 τῶν
812 2838 1039 2928 ἀδικημάτων,

91 2934 135 3015 ὡς
146 2932 190 3003 ἀν
200 2936 426 3025 συντομώτατ’
446 2948 533 3008 είποι
552 2965 616 3025 τις,
638 2938 731 3007 τοῦτ’
750 2944 855 3025 ἔστιν,
878 2933 1041 3026 ἀάνδρες

91 3039 255 3103 δικασταί·
268 3036 305 3106 τό
318 3039 353 3106 δὲ
364 3045 495 3124 πλῆθος
503 3045 562 3124 τῆς
572 3034 687 3116 ούσίας
704 3037 754 3107 ὅτι
764 3035 857 3106 τοῦτ’
869 3030 914 3124 ήν
923 3033 960 3103 τὸ
977 3062 1040 3104 κα-

88 3134 287 3220 ταλειφθέν,
309 3139 456 3221 μέγιστοι
465 3135 528 3222 μέν
538 3132 633 3203 αὐτοὶ
650 3134 815 3221 μάρτυρές
825 3159 882 3220 μοι
897 3132 1039 3220 γεγόνα·

90 3251 159 3300 σιν·
171 3237 229 3311 (είς
242 3229 308 3319 γάρ
328 3230 391 3318 τήν
410 3241 600 3321 συμμορίαν
614 3229 699 3318 ὑπὲρ
714 3237 798 3319 ἐμοῦ
817 3229 1037 3311 συνετάξαντο

88 3328 172 3398 κατά
184 3329 243 3410 τάς
258 3333 356 3399 πέντε
372 3332 428 3400 καὶ
438 3340 542 3401 είκοσι
553 3339 639 3420 μνᾶς
658 3334 876 3410 πεντακοσίας
892 3328 1039 3417 δραχμάς

89 3430 271 3514 εἰσφέρειν,
285 3425 430 3513 ὅσουπερ
444 3425 805 3515 ΤιμόδεοςὸΚδνωνος
818 3429 873 3497 καὶ
885 3431 920 3497 οί
926 3425 967 3496 τά
978 3431 1034 3512 ‘te'-
