2370 3854
196 239 320 303 ΠΡΟΣ
332 235 544 297 ΒΟΙΩΤΟΝ
553 234 661 295 ΠΕΡΙ
674 234 824 297 ΠΡΟΙΚ.
841 236 920 296 ΜΗ
921 236 955 296 Τ.
993 233 1056 296 479

102 400 284 487 άπήντησε,
306 405 482 485 παραβᾶσα
494 394 601 463 πάντα
612 394 652 462 τά
664 393 899 482 ὡμολογημένα
911 393 931 483 ἡ
942 405 1057 481 Πλαγ-

102 501 172 586 γιον
190 504 318 584 δέχεταί
331 523 366 564 τε
376 495 437 581 τήν
448 492 632 580 πρόκλησιν
644 498 698 560 καὶ
709 492 851 580 ὄμνυσιν
863 498 957 584 ἐντῷ
967 505 1056 564 Λελ·

103 605 201 688 φιυίφ
213 597 315 665 ἄλλον
326 593 429 681 ὅρκον
442 596 593 660 ἐναντίον
602 601 650 678 τῷ
661 595 810 683 προτέρῳ
820 645 829 678 ,
841 592 886 673 τός
897 597 952 663 καὶ
962 593 1056 681 ὑμῶν

103 704 136 767 οἱ
147 697 263 764 πολλοὶ
276 705 380 761 ίσασι·
398 693 592 777 περιβόητος
603 689 667 776 γάρ
679 688 700 776 ἡ
713 698 829 777 πρᾶξις
839 695 976 777 ἐγένετο.
1000 696 1056 761 καὶ

103 794 208 871 οὕτως
219 791 236 859 ὁ
251 792 357 877 πατήρ
369 817 434 876 μου
445 788 498 857 διά
510 788 572 876 τήν
583 791 703 858 ἑαυτοῦ
714 791 897 877 πρόκλησιν
909 791 1057 876 άυαγκα-
1137 846 1140 851 .

102 895 194 971 σθεὶς
204 895 352 979 ἐμμεῖναι
360 899 402 978 τῇ
410 894 517 978 διαίτη
527 893 579 957 ἐπὶ
588 892 649 975 μὲν
658 904 724 969 τοῖς
733 895 963 977 γεγενημένοις
973 890 1056 978 ήγα-

101 993 215 1061 νάκτει
231 997 284 1058 καὶ
304 992 431 1077 βαρέως
448 995 562 1075 ἔφερε,
584 993 639 1057 καὶ
656 995 703 1068 είς
717 989 779 1075 τήν
796 996 906 1059 οίκίαυ
924 989 998 1057 οὐδ’
1013 989 1056 1069 εἲς

102 1097 312 1174 εἰσδέξασθαι
333 1090 472 1170 τούτους
492 1088 649 1176 ήξίωσεν,
673 1096 719 1168 είς
741 1093 777 1156 δέ
792 1087 871 1167 τούς
889 1090 1056 1176 φράτερας

101 1191 301 1281 ἠναγκάσθη
314 1199 508 1275 εἰσαγαγεῖν.
537 1190 722 1255 καίτοότου
733 1189 1056 1273 μὲνένέγραψεΒοι-

54 1322 92 1375 12
103 1295 204 1375 ωτὸν,
226 1289 287 1358 τόν
305 1288 336 1356 δ’
357 1291 472 1374 ἕτερον
482 1287 670 1373 Πάμφιλον.
704 1287 759 1372 ἐμὲ
775 1286 807 1354 δ’
824 1284 930 1366 εὐθύς
947 1295 1056 1356 ἔπεισε

102 1393 176 1472 περὶ
188 1385 400 1458 ὀκτωκαίδεκ’
414 1392 468 1472 έτη
480 1388 701 1472 γεγενημένον
712 1384 773 1470 τήν
779 1381 945 1471 Εὐφήμου
955 1396 1056 1472 γήμαι

100 1490 283 1574 θυγατέρα,
295 1486 499 1573 βουλόμενος
509 1489 628 1563 παῖδας
638 1488 671 1565 ἐξ
683 1489 765 1569 ἐμοῦ
775 1489 974 1571 γενομένους
985 1489 1056 1553 ε’πι-

102 1595 180 1656 δεῖν.
204 1584 268 1672 ἐγά
281 1584 310 1653 δ’
315 1637 324 1670 ,
338 1578 494 1670 άάνδρες
504 1588 663 1670 δικασταὶ,
675 1590 816 1670 νομίζων
826 1590 897 1653 δεῖν
906 1589 961 1654 καὶ
972 1585 1056 1668 πρό-

100 1712 200 1768 τερον
212 1688 267 1752 καὶ
277 1684 389 1771 ἐπειδή
402 1677 496 1754 οὗτοι
507 1685 654 1753 ἐλύπουν
666 1682 769 1753 αύτδν
782 1686 989 1771 δικαζόμενοι
1000 1688 1054 1754 καὶ
1063 1710 1129 1765 1οη

101 1785 279 1869 πράγματα
307 1787 521 1870 παρέχοντες,
548 1784 605 1871 ἐμὲ
633 1783 832 1853 τούυαυτίον
859 1785 1055 1872 εὐφραίνειν

100 1885 232 1953 ἅπαντα
242 1880 402 1952 ποιοῦνθ’
415 1880 464 1952 όό
477 1887 592 1975 ἐκείυφ
601 1895 788 1971 χαριεῖσθαι
799 1888 956 1972 μέλλοιμι,
968 1891 1057 1960 ἐπεί-

47 2008 90 2063 13
100 1993 192 2069 σθην
203 1979 303 2073 αύτῷ.
332 1983 498 2069 γήμαντος
510 1987 549 2052 δέ
557 2011 623 2071 μου
634 1984 694 2053 τὸν
704 1985 830 2070 τρόπον
841 1993 961 2054 τοῦτον
972 1991 1056 2053 ἐκεῖ·

99 2111 159 2162 νος
177 2083 238 2167 μὲν
248 2081 285 2150 τὸ
298 2081 485 2167 θυγάτριόν
496 2110 552 2167 μοι
562 2082 685 2151 ἐπιδών
697 2084 896 2169 γενόμενον,
919 2083 961 2150 ού
973 2093 1056 2152 πολ-

98 2194 170 2259 λοῖς
187 2185 293 2245 ἔτεσιν
304 2177 446 2260 ὕστερον
457 2178 674 2266 ἀρρωστήσας
684 2181 910 2265 ἐτελεύτησεν·
933 2180 996 2265 ἐγώ
1009 2181 1053 2266 δ’,

98 2274 128 2351 ὦ
140 2276 260 2360 ἄνδρες
271 2278 429 2360 δικασταὶ,
441 2282 560 2357 ζῶντος
571 2277 632 2362 μέν
642 2285 704 2346 τοῦ
714 2277 838 2364 πατρὸς
849 2276 949 2347 ούδὲυ
960 2279 1055 2370 ρ’όμην

98 2384 172 2446 δεῖν
183 2378 419 2442 ἐναντιοῦσθαι
430 2373 531 2462 αὐτῷ,
541 2375 834 2461 τελευτήσαντοςδ
846 2382 975 2446 ἐκείνου
986 2385 1054 2446 είσ-

97 2474 263 2560 εδεξάμην
283 2501 319 2542 τε
340 2474 480 2553 τούτους
502 2482 547 2553 είς
567 2473 629 2561 τήν
647 2480 756 2544 οίκίαν
776 2478 832 2545 καί
854 2485 922 2544 τῶν
945 2477 1055 2545 όντων

95 2572 260 2647 ἁπάντων
271 2576 454 2658 μετέδωκα,
477 2569 538 2658 οὐχ
550 2570 594 2651 ὠς
606 2570 761 2657 ἀδελφοῖς
771 2566 869 2641 οὖσιν
882 2572 976 2658 (οὐδὲ
989 2575 1052 2659 γάρ

95 2676 198 2763 ὑμῶν
214 2669 293 2750 τούς
311 2669 456 2750 πολλοὺς
466 2670 649 2758 λελήθασιν
661 2670 701 2740 δυ
711 2673 837 2758 τρόπον
849 2666 940 2742 οὗτοι
954 2673 1053 2758 γεγό-

96 2782 229 2856 νασιν),
252 2778 395 2859 νομίζων
406 2769 439 2838 δ’
452 2770 633 2857 ἀναγκαῖον
645 2771 731 2840 εἶναί
739 2799 812 2858 μοι,
836 2772 946 2859 ἐπειδή
957 2770 975 2840 ὁ
987 2797 1053 2839 πα-

95 2871 161 2959 τὴρ
173 2868 379 2957 ἐξηπατήθη,
402 2877 581 2939 πείθεσθαι
592 2885 660 2950 τοῖς
670 2871 784 2958 νόμοις
795 2868 1051 2959 τοῐςύμετέροις.

47 2973 155 3044 [εκαλ
173 2968 279 3048 οὕτως
297 2968 357 3036 ὑπ’
375 2974 458 3055 ἐμοῦ
474 2978 520 3049 είς
536 2970 598 3057 τήν
616 2976 723 3039 οίκίαν
746 2975 983 3057 εἰσδεχθέντες,
1010 2969 1053 3051 ως

98 3069 287 3157 ἐνεμόμεθα
298 3068 338 3135 τά
349 3077 502 3160 πατρῷα,
525 3067 696 3148 ἀξιοῦντος
707 3072 789 3155 ἐμοῦ
800 3067 981 3156 άπολαβεῖυ
991 3070 1054 3156 τήν

97 3178 157 3255 τῆς
172 3168 295 3253 μητρὸς
312 3182 433 3250 προῖκα
449 3166 759 3237 άντενεκάλουνκαλ
772 3159 880 3252 οὗτοι,
902 3171 957 3236 καὶ
970 3175 1053 3254 ἔφα-

98 3288 164 3335 σαν
182 3262 379 3349 ὀφείλεσθαι
395 3269 450 3335 καὶ
465 3275 504 3355 τῇ
523 3264 635 3336 αὐτόν
651 3270 748 3353 μητρὶ
760 3264 821 3352 τήν
835 3277 911 3352 ίσην
922 3282 1050 3353 προῖκα.

99 3363 425 3452 συμβουλευσάντων
444 3363 476 3432 δ’
488 3364 568 3452 ἡμῖν
579 3374 647 3434 τῶν
658 3364 835 3452 παρόντων
845 3363 886 3431 τά
897 3367 958 3451 μὲν
969 3363 1053 3434 άλλα

98 3462 208 3533 πάντα
220 3462 437 3549 ἐνειμάμεθα,
454 3462 516 3550 τήν
528 3463 560 3532 δ’
574 3471 681 3533 οίκίαν
692 3467 746 3533 καὶ
757 3462 835 3544 τούς
846 3467 964 3544 παῖδας
974 3464 1056 3539 τούς
