2370 3854
357 217 502 278 ΚΑΤΑ
533 217 779 280 ΜΕΙΔΙΟΤ
1005 219 1045 282 81

137 374 295 457 ἕξέσιω’
259 389 358 456 αυτοῖς
379 375 567 483 αίρεῖσθαι“
550 401 586 444 ον
608 376 647 445 ἀν
668 379 847 488 βούλωνται.
872 377 993 447 ἕπειδαν
1014 375 1044 447 δ

137 465 258 527 έλωνται
274 459 350 528 κατδι
367 458 483 545 ιιοινδν,
505 466 670 544 μενέτωσαν
680 467 712 529 έν
722 474 783 540 τοῖς
793 461 852 531 ὑπὸ
863 463 968 530 τούτου
981 471 1045 530 δια·

136 555 305 628 γνωσθεῖσι,
317 573 368 611 ιιαι
358 549 480 650 μηκέτι
483 545 756 651 μεταφερέτωσαιῧ
738 545 797 612 απὸ
808 547 912 652 τούτρν
923 544 973 630 ἐφ’
988 551 1046 614 έτε-

138 655 191 738 ρον
202 627 393 714 δικαστήριον
403 624 495 694 ταύτα
483 625 682 714 ἐγκλήματα,
695 624 763 696 ἀλλ’
776 626 888 697 ἔστω
857 660 893 695 τα
905 635 1046 716 κραθέντα

137 708 196 778 ὑπὸ
209 739 261 779 τον
248 719 422 796 διαιτητοῦ
434 711 544 798 κύρια]

55 876 86 930 95
180 865 283 932 Κάλει
305 864 344 950 δὴ
366 863 472 930 μαλ’
437 889 498 930 τον
513 863 697 948 Στράτωνα
715 861 820 931 αάτδν
835 864 895 932 τδν
910 871 1046 932 τοιαῦτα

95 962 305 1030 πεπονθότα·
328 957 535 1047 έστάναιγάρ
548 962 672 1041 ἐξέσται
683 960 857 1048 δήπουθεν
867 960 966 1052 αύτῷ.

181 1070 304 1163 Ούτος,
317 1069 345 1144 οἶ
356 1076 475 1160 ἀνδρες
484 1074 662 1162 Ἀθηναῖοι,
675 1079 776 1161 πένης
787 1078 848 1162 μὲν
859 1085 937 1154 ίσως
947 1077 1045 1161 ἐστὶν,

95 1173 137 1243 οὐ
148 1172 293 1261 πονηρὸς
306 1178 344 1243 δέ
354 1201 401 1261 γε.
425 1167 524 1252 οὗτος
533 1177 645 1259 μέντοι
656 1180 790 1261 πολίτης
801 1170 860 1258 ἀν,
872 1179 1046 1258 ἐστρατευ-

94 1278 192 1360 μένος
202 1272 331 1353 ἀπάσας
341 1272 400 1352 τάς
411 1276 447 1342 έν
458 1270 567 1359 ἡλικίη
579 1278 748 1352 στρατείας
758 1275 813 1339 καλ
825 1270 938 1341 δεινδν
946 1271 1047 1340 οὐδέν

94 1378 322 1459 εἰργασμένος,
336 1373 450 1456 ἕστηκε
461 1373 539 1436 νννλ
551 1377 676 1456 σιωπῇ,
689 1366 731 1435 οὐ
743 1369 849 1454 μόνον
857 1378 926 1436 τῶν
937 1369 1048 1436 ἀλλων

95 1469 236 1554 ἀγαθῶν
257 1477 326 1536 των
346 1476 471 1536 αοινολν
491 1464 768 1552 ἀπεστερημένος,
802 1465 887 1535 ἀλλά
908 1469 964 1536 καὶ
985 1475 1048 1535 τοῦ

95 1570 308 1652 φθέγξασθαι
323 1563 345 1652 ἢ
363 1564 566 1653 ὀδύρασθαι·
588 1567 644 1634 καλ
661 1563 738 1633 οὐδ’
755 1570 787 1633 εί
796 1562 939 1653 δίκαιαῆ
949 1565 1047 1634 ἀδικα

94 1670 281 1752 πέπονθεν,
304 1663 382 1734 οὐδὲ
393 1662 486 1733 ταῦτ’
501 1669 625 1745 ἔξεστιν
637 1662 728 1754 αὐτῷ
740 1662 824 1750 πρὸς
835 1662 921 1750 ὑμᾶς
933 1671 1046 1732 είπελν.

52 1767 149 1843 ςςιιαὶ
170 1772 274 1833 ταῦτα
295 1769 466 1834 πέπονθεν
490 1759 555 1832 ύπδ
578 1766 724 1830 Μειδίου
744 1765 800 1830 καὶ
822 1770 884 1829 τοῦ
901 1767 1047 1830 Μειδίου

94 1863 241 1932 πλούτου
260 1865 314 1932 καλ
334 1871 393 1949 τῆς
411 1860 640 1948 ὑπερηφανίας
660 1861 749 1946 παρά
768 1860 831 1948 τὴν
854 1868 972 1930 πενίαν
992 1863 1048 1929 καὶ

94 1967 231 2047 ἐρημίαν
241 1962 296 2029 καὶ
308 1959 345 2030 τὸ
356 1968 425 2028 τῶν
436 1968 570 2028 πολλῶν
582 1955 628 2039 είς
639 1958 731 2027 εἶναι.
760 1962 815 2028 καὶ
826 1965 857 2028 εί
866 1959 928 2046 μέν
939 1984 1048 2047 παρα-

94 2055 155 2146 βδις
170 2055 249 2136 τούς
265 2059 391 2144 νόμους
408 2063 505 2145 ἔλαβε
515 2055 574 2136 τὰς
587 2056 792 2144 πεντήκοντα
804 2054 951 2143 δραχμὰς
963 2056 1044 2141 παρ’

94 2154 210 2243 αὐτοῦ,
219 2159 272 2224 καὶ
279 2157 342 2244 την
350 2153 495 2244 δίκηνῆν
504 2155 738 2242 κατεδιῄτησεν
747 2151 1049 2242 ἀποδεδιῃτημένην

96 2252 281 2340 ἀπέφηνεν,
301 2257 444 2339 ἐπίτιμος
456 2248 552 2339 ἀνάν
570 2255 624 2320 καὶ
637 2250 737 2320 οὐδὲν
754 2257 838 2336 έχων
855 2250 963 2319 κακὸν
982 2261 1049 2319 τῶν

97 2362 181 2418 ἴσων
192 2365 316 2436 μετεῖχε
327 2365 394 2428 τοῖς
405 2348 518 2428 ἀλλοις
527 2347 623 2436 ἡμῖν·
645 2347 755 2435 ἐπειδὴ
768 2348 803 2415 δὲ
815 2354 949 2433 παρεῖδε
967 2351 1050 2433 πρός

95 2445 135 2514 τά
149 2452 258 2515 δίκαια
269 2451 426 2532 Μειδίαν,
437 2448 493 2514 καὶ
504 2444 584 2525 τούς
594 2446 720 2531 νόμους
730 2453 858 2532 μᾶλλον
868 2451 971 2515 έδεισε
980 2455 1050 2514 των

96 2543 242 2614 ἀπειλῶν
254 2553 323 2613 τῶν
332 2544 464 2631 τούτου,
473 2553 654 2631 τηνικαῦτα
661 2547 841 2635 τηλικαύτη
849 2547 904 2614 καὶ
913 2546 1049 2636 τοιαύτη
1059 2563 1113 2619 546

52 2668 85 2722 97
97 2653 254 2733 συμφορᾷ
265 2647 513 2729 περιπέπτωκεν
521 2642 587 2714 ύπδ
596 2645 727 2713 τούτου.
751 2642 810 2714 εἷθ’
820 2643 912 2732 ὑμεῖς
920 2643 1050 2714 τδνοῦ-

95 2769 158 2821 τως
171 2740 272 2828 ἀμὸν,
283 2741 343 2810 τδν
355 2742 461 2823 οὕτως
469 2741 660 2830 ἀγνύμονα,
674 2740 736 2813 τδν
745 2744 945 2832 τηλικαύτας
956 2749 1050 2822 δίκας

94 2841 308 2926 λαμβάνοντα
327 2833 376 2909 οἷν
393 2840 493 2921 αὐτὸς
508 2841 691 2929 ἠδικῆσθαι
707 2845 789 2930 φησὶ
799 2843 906 2929 μόνον
917 2839 974 2929 (ού
984 2839 1048 2929 γὰρ

93 2937 231 3024 ἠδίκητό
247 2948 319 3025 γε),
341 2947 462 3008 τοῦτον
480 2937 658 3027 ὑβρίζοντα
668 2941 828 3034 λαβόντες
839 2951 885 3020 είς
895 2967 971 3008 τινα
980 2946 1050 3007 τῶν

94 3043 238 3102 πολιτῶν
250 3035 405 3126 ἀφήσετε,
413 3042 467 3108 καὶ
479 3037 556 3126 μήθ’
571 3042 685 3127 ἑορτῆς
695 3041 777 3127 μήτε
788 3045 890 3125 ίεροῖν
899 3040 979 3126 μήτε
989 3037 1050 3104 νό-

95 3160 161 3220 μον
172 3132 248 3220 μήτ’
264 3133 367 3202 ἀλλον
377 3136 521 3223 μηδενδς
534 3139 697 3221 πρόνοιαν
707 3139 912 3224 ποιούμενον
929 3134 970 3205 ού
988 3163 1049 3206 αα-

52 3243 333 3323 ςςτριιγηφιείσθες
346 3232 388 3302 οὐ
399 3236 606 3322 παράδειγμα
617 3237 784 3324 ποιήσετες
808 3237 863 3304 καὶ
873 3242 909 3304 τί
916 3235 1048 3323 φήσετε,

97 3324 123 3399 ἀ
135 3329 253 3415 ἀνδρες
266 3335 417 3401 δικασταί
420 3363 429 3414 3
451 3337 505 3425 καί
516 3343 600 3422 τίνα,
614 3331 735 3419 ἀπρδς
750 3343 820 3402 τῶν
835 3342 945 3421 θεῶν,
967 3329 1048 3414 ἕξετ’

97 3436 199 3498 εἰπεῖν
210 3429 381 3516 πρόφασιν
392 3430 687 3522 δικαίανῆααλύν;
710 3432 761 3502 ὅτι
772 3431 814 3520 νὴ
825 3439 892 3503 Δία
910 3431 1050 3520 ἀσελγής

141 3527 277 3582 Demosth.
299 3527 359 3584 vol.
372 3528 408 3587 ll.
881 3532 903 3585 (x
