2370 3854
355 187 497 248 ΠΡΟΣ
516 184 813 246 ΦΟΡΜΙΩΝΑ.
1002 187 1064 248 399

111 352 241 417 διέθετο
268 343 562 434 προσκοινωνήσας
589 343 695 434 τοότφ
717 342 782 413 ἄπδ
806 353 875 414 τόν
895 342 1065 434 ἡμετέρων

67 467 101 522 37
110 445 297 535 χρημάτων.
319 447 374 514 καὶ
384 440 472 512 ταῦτ’
487 449 646 532 ἔπραξεν,
659 437 687 509 ό
698 441 818 529 ἄνδρες
829 448 995 531 δικασταὶ,
1014 450 1063 513 ol·

108 544 253 632 -κοίνμέν
269 540 471 630 Ἀθήνησιν,
494 538 597 627 οὔσης
615 540 649 608 δ’
660 538 756 631 αὐτῷ
769 542 929 628 γυναικός
940 544 1063 611 ἐνθάδε

110 646 166 712 καὶ
177 647 323 727 παίδων,
338 648 413 710 τοῖν
431 639 468 710 δέ
479 639 594 726 νόμων
606 638 648 720 τά
659 646 779 726 ἔσχατα
789 645 932 728 ἐπιτίμια
943 666 1060 728 προτε-
1158 636 1160 641 ’

109 741 292 827 θεικότωυ,
311 749 345 808 εί
357 765 407 818 τις
418 745 521 808 οίκοόν
534 737 718 826 Ἀθήνησιν
729 737 852 808 ἄλλοσέ
860 763 917 809 ποι
927 743 1058 828 σιτηγή-

111 859 200 908 σειεν
210 835 232 925 ἢ
243 845 290 918 είς
298 835 336 907 τδ
347 835 493 907 Ἀττικόν
505 839 677 926 ἐμπόριον,
691 844 738 907 ἔτι
749 837 781 907 δ’
790 843 826 908 ἐν
836 840 975 928 τοιοότφ
987 867 1062 908 και-

110 946 160 1025 ρῷ
190 942 228 1006 ἐν
252 928 280 1027 ᾦ
296 934 392 1024 ὑμῶν
408 940 443 1005 oc
455 937 518 1023 μὲν
534 941 571 1006 ἐν
586 946 634 1028 τῷ
651 937 744 1007 ἄστει
765 945 935 1020 οἰκοῦντες
952 944 1063 1028 διεμε-

109 1034 302 1121 τροῦντοτᾶ
318 1034 441 1121 ἄλφιτα
458 1037 552 1127 ἐντῷ
571 1035 692 1128 φδείφ,
715 1042 750 1107 οί
764 1035 797 1106 δ’
809 1042 846 1108 ἐν
856 1047 902 1128 τῷ
914 1047 1065 1127 Πειραιεῖ
1173 1030 1176 1035 ’

110 1138 147 1204 ἐν
157 1143 204 1229 τῷ
215 1142 342 1226 νεωρίῳ
354 1136 544 1222 ἐλάμβανον
559 1134 627 1204 κατ’
639 1134 763 1222 ὀβολόν
780 1135 859 1215 τούς
876 1136 997 1222 ἄρτους
1007 1140 1063 1206 καὶ

110 1237 163 1304 ἐπὶ
180 1241 239 1320 τῆς
255 1241 385 1320 μακράς
402 1240 515 1319 στοᾶς,
538 1231 578 1301 τά
597 1233 720 1319 ἄλφιτα
736 1233 812 1303 καθ’
831 1234 986 1323 ἡμίεκτον
1002 1262 1062 1323 με-

110 1334 288 1420 τρούμενοι
305 1335 361 1401 καὶ
376 1333 673 1420 καταπατούμενοι.
702 1336 759 1402 καί
775 1332 827 1401 ότι
842 1331 954 1423 ἄληθῆ
964 1337 1060 1421 λέγω,

111 1436 192 1521 λαβέ
201 1459 258 1519 μοι
268 1432 330 1519 τήν
339 1439 572 1519 τεμαρτυρίαν
583 1436 637 1502 καί
647 1430 707 1502 τόν
716 1434 831 1520 νόμον.

363 1607 605 1670 ΜΑΡΤΓΡΙΑ.
629 1607 808 1668 ΝΟΜΟΣ.

66 1751 101 1806 38
194 1737 353 1817 Φορμίων
370 1737 487 1799 τοίνυν
509 1729 617 1819 τούτῳ
639 1728 810 1816 χρεόμενος
830 1735 983 1817 κοινωνῷ
1005 1731 1061 1796 καὶ

107 1830 252 1918 μάρτυρι
262 1834 447 1899 οίεταιδετν
463 1826 688 1917 ἀποστερῆσαι
698 1825 739 1896 τά
752 1824 895 1914 χρήμαθ’
905 1824 1008 1914 ἡμᾶς,
1029 1830 1064 1894 οἵ

106 1956 145 2014 γε
156 1937 369 2015 σιτηγοῦντες
381 1932 649 2016 διατετελέκαμεν
666 1934 712 2007 είς
728 1925 766 1996 τό
784 1925 945 2015 ὑμέτερον
956 1925 1061 2013 ἐμπό-

108 2055 193 2111 ριον,
204 2030 260 2096 καὶ
271 2037 373 2114 τριοδν
389 2029 452 2114 ἤδη
464 2034 591 2112 καιρῶν
609 2026 859 2113 κατειληφότων
880 2025 942 2112 τὴν
959 2026 1058 2094 πόλιν

107 2130 144 2194 ἐν
155 2121 205 2205 οἷς
214 2123 309 2210 ὑμεῖς
318 2123 397 2203 τούς
408 2132 589 2211 χρησίμους
601 2133 646 2214 τῷ
659 2125 753 2212 δάμῳ
765 2127 945 2210 ἐξητάζετε,
959 2121 1058 2191 οὐδε-

108 2224 167 2302 νὸς
187 2224 318 2291 τούτων
335 2219 616 2308 ἀπολελείμμεθα,
639 2220 708 2289 ἄλλ’
726 2219 781 2289 ὅτε
801 2221 871 2306 μὲν.
883 2227 928 2298 είς
946 2221 1058 2308 Θήβας

104 2320 317 2404 Ἀλέξανδρος
334 2322 470 2409 παρῄει,
488 2320 701 2407 ἐπεδώκαμεν
716 2318 979 2407 ὑμῑντάλαντον
995 2318 1058 2402 ἄρ-

64 2451 99 2506 39
108 2426 240 2507 γυρίον,
258 2417 314 2488 ὅτε
332 2417 364 2486 δ’
377 2417 395 2486 ὁ
408 2434 496 2500 σίτος
513 2421 694 2506 ἐπετιμήθη
706 2419 871 2507 πρότερον
881 2423 936 2488 καὶ
947 2423 1059 2505 ἐγένε-

108 2545 145 2587 το
164 2521 337 2588 ἑκκαίδεκα
358 2522 529 2605 δραχμῶν,
554 2517 785 2605 εἰσαγαγόντες
806 2524 939 2596 πλείους
955 2513 1059 2605 ἄμυ-

109 2626 202 2704 ρίους
211 2622 389 2705 μεδίμνους
398 2625 517 2704 πυράν
528 2619 786 2705 διεμετρήσαμεν
795 2613 876 2703 ὑμῖν
886 2626 943 2702 τῆς
954 2628 1059 2684 καθε-

109 2726 265 2805 στηκνίας
286 2725 397 2805 τιμῆς,
420 2723 517 2786 πέντε
544 2721 700 2805 δραχμῶν
720 2716 779 2785 τδν
801 2719 976 2804 μέδιμνον·
1004 2717 1060 2783 καὶ

106 2826 210 2888 ταῦτα
222 2815 342 2896 πάντες
353 2826 421 2886 ίστε
433 2820 470 2884 ἐν
479 2824 525 2907 τῷ
536 2824 685 2907 πομπείφ
697 2818 983 2904 διαμετρούμενοι·
999 2816 1060 2882 πέ-

107 2938 186 3003 ρυσι
202 2915 233 2984 δ’
248 2923 294 2995 είς
310 2914 373 3003 τὴν
389 2923 548 2985 σιτωνίαν
563 2916 625 3003 τὴν
641 2914 727 3001 ὑπὲρ
743 2923 804 2983 τοῦ
817 2916 924 3002 δήμου
934 2913 1059 2982 τάλαν-

107 3041 166 3085 τον
182 3013 268 3101 ὑμῖν
278 3013 490 3104 ἐπεδώκαμεν
505 3015 571 3100 ἐγά
587 3042 623 3082 τε
638 3013 722 3083 καὶὸ
741 3013 895 3098 ἀδελφός.
927 3016 986 3079 καί
1001 3037 1058 3096 μοι

107 3115 281 3201 ἀνάγνωθι
293 3115 423 3184 τούτων
433 3113 491 3194 τὰς
501 3122 690 3201 μαρτυρίας.

452 3288 711 3351 MAPTYPIAI.

61 3437 97 3493 40
188 3412 285 3484 Ἀλλιὶ
296 3412 364 3502 μην
375 3425 408 3485 εί
414 3440 452 3500 γε
464 3415 580 3484 δεῖκαὶ
591 3412 722 3491 τούτοις
731 3400 1120 3498 τεκμαίρεσθαι,οᾶκ919
